Automatically generated by Mendeley 1.1.1
Any changes to this file will be lost if it is regenerated by Mendeley.

@article{Jia2011,
author = {Jia, Y and Calil, P H R and Chassignet, E P and Metzger, E J and Potemra, J T and Richards, K J and Wallcraft, A J},
doi = {10.1029/2011JC007305},
file = {:home/rsoutelino/rsoutelino/mat\_didatico/papers/jia\_etal2011jgr.pdf:pdf},
number = {November},
pages = {1--18},
title = {{Generation of mesoscale eddies in the lee of the Hawaiian Islands}},
volume = {116},
year = {2011}
}
@article{Schmid2001,
author = {Schmid, Claudia and Molinari, Robert L and Garzoli, Silvia L},
file = {:home/rsoutelino/rsoutelino/mat\_didatico/papers/schmid\_etal\_2001.pdf:pdf},
journal = {Deep-Sea Research},
number = {1999},
pages = {281--312},
title = {{New observations of the intermediate depth circulation in the tropical Atlantic}},
year = {2001}
}
@article{defant1936,
author = {Defant, A},
journal = {Wissenschaftliche Ergebnisse der Deutschen Atlantischen Expedition ``Meteor'' 1925-1927},
number = {1},
pages = {289--411},
title = {{Schichtung und Zirkulation des Atlantischen Ozeans: Die Troposph\"{a}re}},
volume = {VI},
year = {1936}
}
@article{Middleton2000,
author = {Middleton, J F},
file = {:home/rsoutelino/rsoutelino/mat\_didatico/papers/middleton2000jpo.pdf:pdf},
journal = {JPO},
pages = {745--763},
title = {{Wind-Forced Upwelling : The Role of the Surface Mixed Layer}},
year = {2000}
}
@misc{Bretherton1975,
author = {Bretherton, F P and Davis, R E and Fandry, C B A},
file = {:home/rsoutelino/rsoutelino/mat\_didatico/papers/bretherton\_etal1976.pdf:pdf},
title = {{A technique for objective analysis and design of oceanographic experiments applied to MODE-73}},
year = {1975}
}
@article{reid1989,
author = {Reid, J L},
doi = {DOI: 10.1016/0079-6611(89)90001-3},
journal = {Prog. Oceanog.},
number = {3},
pages = {149--244},
title = {{On the total geostrophic circulation of the \{S\}outh \{A\}tlantic Ocean: \{F\}low patterns, tracers and transports}},
volume = {23},
year = {1989}
}
@article{huang_qiu1998,
author = {Huang, R X and Qiu, B},
doi = {10.1175/1520-0485(1998)028<1173:TSOTWD>2.0.CO;2},
journal = {J. Phys. Oceanogr.},
month = jun,
number = {6},
pages = {1173--1186},
title = {{The Struture of the Wind-Driven Circulation in the Subtropical \{S\}outh \{P\}acific Ocean}},
volume = {28},
year = {1998}
}
@article{stramma_peterson1990,
author = {Stramma, L and Peterson, R G},
journal = {J. Phys. Oceanogr.},
pages = {846--859},
title = {{The South Atlantic Current}},
volume = {20},
year = {1990}
}
@article{siedler_etal2006,
author = {Sieldler, G and Rounault, M and Lutjeharms, J R E},
doi = {10.1029/2006GL027399},
journal = {Geophys. Res. Let.},
month = dec,
pages = {L24609},
title = {{Structure and origin of the subtropical \{S\}outh \{I\}ndian \{O\}cean \{C\}ountercurrent}},
volume = {33},
year = {2006}
}
@article{herring1964,
author = {Herring, J R},
journal = {J. Atmos. Sci.},
pages = {325--338},
title = {{Investigation of problems in thermal convection}},
volume = {20},
year = {1964}
}
@article{shchepetkin_mcwilliams2005,
author = {Shchepetkin, A F and McWillians, J C},
doi = {10.1016/j.ocemod.2004.08.002},
journal = {Ocean Modell.},
number = {4},
pages = {347--404},
title = {{The Regional Ocean Modeling System (\{ROMS\}): a split-explicit, free-surface, topography following coordinates ocean model}},
volume = {9},
year = {2005}
}
@incollection{zembruscki1979,
address = {Rio de Janeiro},
author = {Zembruscki, S G},
booktitle = {PROJETO REMAC.geomorfologia da margem continental brasileira e das \'{a}reas oce\^{a}nicas adjacentes},
pages = {129--177},
publisher = {PETROBRAS. CENPES. DINTEP (S\'{e}rie REMAC no. 7)},
title = {{Geomorfologia da margem continental sul brasileira e das bacias oce\^{a}nicas adjacentes}},
year = {1979}
}
@article{sprintall_tomczak1993,
author = {Sprintall, J and Tomczak, M},
journal = {Deep-Sea Res.},
number = {4},
pages = {827--848},
title = {{On the formation of Central Water and thermocline ventilation in the southern hemisphere}},
volume = {40},
year = {1993}
}
@article{calado_etal2006,
author = {Calado, L and Gangopadhyay, A and Silveira, I C A},
journal = {Geophys. Res. Lett.},
pages = {LI2602},
title = {{A parametric model for the \{B\}razil \{C\}urrent meanders and eddies off \{S\}outheastern \{B\}rasil}},
volume = {33},
year = {2006}
}
@article{ganachaud2003,
author = {Ganachaud, A},
journal = {JGR},
number = {3216},
pages = {DOI:10.1029/2002JC001565},
title = {{Large-scale mass transports, water mass formation, and diffusivities estimated from World Ocean circulation Experiment (WOCE) hydrographic data}},
volume = {108},
year = {2003}
}
@article{Al2003,
author = {Al, Zhang E T},
file = {:home/rsoutelino/rsoutelino/mat\_didatico/papers/zhang\_etal2003.pdf:pdf},
journal = {Atlantic},
pages = {1783--1797},
title = {{Observational Evidence for Flow between the Subtropical and Tropical Atlantic : The Atlantic Subtropical Cells *}},
year = {2003}
}
@article{thompson_flierl1993,
author = {Thompson, L and Flierl, G R},
journal = {J. Fluid. Mech.},
pages = {553--586},
title = {{Barotropic flow over finite isolated topography: steady solutions on the beta-plane and the initial value problem}},
volume = {250},
year = {1993}
}
@article{stommel_etal1978,
author = {Stommel, H and Niiler, P and Anati, D},
journal = {J. Mar. Res.},
number = {3},
pages = {449--468},
title = {{Dynamic topography and recirculation of the North Atlantic}},
volume = {36},
year = {1978}
}
@article{schmid_etal2000,
author = {Schmid, C and Siedler, G and Zenk, W},
journal = {J. Phys. Oceanogr.},
pages = {3191--3211},
title = {{Dynamics of the Intermediate Water in the Subtropical South Atlantic}},
volume = {30},
year = {2000}
}
@article{silveira_etal2000A,
author = {Silveira, I C A and Schmidt, A C K and Campos, E J D and Godoi, S S and Ikeda, Y},
journal = {R. bras. Oceanogr.},
number = {2},
pages = {171--183},
title = {{A Corrente do Brasil ao largo da costa leste brasileira}},
volume = {48},
year = {2000}
}
@book{pond_pickard1991,
address = {Oxford},
author = {Pond, S and Pickard, G L},
pages = {349},
publisher = {Butterworth-Heinemann},
title = {{Introductory dynamical oceanography}},
year = {1983}
}
@article{pinardi_robinson1987,
author = {Pinardi, N and Robinson, A R},
journal = {J. Phys. Oceanogr.},
pages = {1163--1188},
title = {{Dynamics of deep thermocline jets in the POLYMODE region}},
volume = {17},
year = {1987}
}
@article{muller_etal1998,
author = {M\"{u}ller, J M and Ikeda, Y and Zangenberg, N and Nonato, L V},
journal = {J. Geophys. Res.},
number = {C3},
pages = {5429--5437},
title = {{Direct measurements of western boundary currents off Brazil between 20\^{}$\backslash$circ S and 28\^{}$\backslash$circ S}},
volume = {103},
year = {1998}
}
@article{gangopadhyay_robinson2002,
author = {Gangopadhyay, A and Robinson, A R},
doi = {10.1016/S0377-0265(02)00032-5},
file = {:home/rsoutelino/rsoutelino/mat\_didatico/papers/gangopadhyay\_robinson\_2002.pdf:pdf},
journal = {Dyn. Atmos. Oceans},
number = {1-3},
pages = {201--232},
title = {{Feature-oriented regional modeling of oceanic fronts}},
volume = {36},
year = {2002}
}
@incollection{charney_flierl1981,
address = {Cambridge},
author = {Charney, J G and Flierl, G R},
booktitle = {Evolution of Physical Oceanography},
editor = {Warren, B A and Wunsch, C},
pages = {504--548},
publisher = {MIT Press},
title = {{Oceanic Analogues of Large-scale Atmospheric Motions}},
year = {1981}
}
@article{Haven2011,
author = {Haven, New and Board, Hazard Investigation},
file = {:home/rsoutelino/rsoutelino/mat\_didatico/papers/fixthephd2011nat.pdf:pdf},
journal = {New York},
pages = {5--6},
title = {{Fix the PhD}},
year = {2011}
}
@article{pullin1992,
author = {Pullin, D I},
journal = {Annu. Rev. Fluid. Mech.},
pages = {89--115},
title = {{Contour Dynamics method}},
volume = {24},
year = {1992}
}
@article{wyrtki1975,
author = {Wyrtki, K},
journal = {J. Phys. Oceanogr.},
number = {3},
title = {{Fluctuations of the dynamic topography in the Pacific Ocean}},
volume = {5},
year = {1975}
}
@article{Sandery2011,
author = {Sandery, Paul a. and Brassington, Gary B. and Freeman, Justin},
doi = {10.1029/2010JC006260},
file = {:home/rsoutelino/rsoutelino/mat\_didatico/papers/sadery\_etal2011jgr.pdf:pdf},
issn = {0148-0227},
journal = {Journal of Geophysical Research},
month = jan,
number = {C1},
title = {{Adaptive nonlinear dynamical initialization}},
url = {http://www.agu.org/pubs/crossref/2011/2010JC006260.shtml},
volume = {116},
year = {2011}
}
@article{Huang2011,
author = {Huang, Chuan Jiang and Qiao, Fangli and Song, Zhenya and Ezer, Tal},
doi = {10.1029/2010JC006320},
file = {:home/rsoutelino/rsoutelino/mat\_didatico/papers/huang\_etal2011jgr.pdf:pdf},
issn = {0148-0227},
journal = {Journal of Geophysical Research},
month = jan,
number = {C1},
pages = {1--13},
title = {{Improving simulations of the upper ocean by inclusion of surface waves in the Mellor-Yamada turbulence scheme}},
url = {http://www.agu.org/pubs/crossref/2011/2010JC006320.shtml},
volume = {116},
year = {2011}
}
@article{large_etal1994,
author = {Large, W G and McWilliams, J C and Doney, S C},
doi = {10.1029/94RG01872},
journal = {Rev. Geophys.},
number = {4},
pages = {363--403},
title = {{Oceanic vertical mixing: \{A\} review and a model with a nonlocal boundary layer parameterization}},
volume = {32},
year = {1994}
}
@article{Urbano2008,
author = {Urbano, D F and {De Almeida}, R. A. F. and Nobre, P},
doi = {10.1029/2007JC004215},
file = {:home/rsoutelino/rsoutelino/mat\_didatico/papers/urbano\_etal2008.pdf:pdf},
issn = {0148-0227},
journal = {Journal of Geophysical Research},
month = apr,
number = {C4},
pages = {1--16},
title = {{Equatorial Undercurrent and North Equatorial Countercurrent at 38Â°W: A new perspective from direct velocity data}},
url = {http://www.agu.org/pubs/crossref/2008/2007JC004215.shtml},
volume = {113},
year = {2008}
}
@anais{ceccopieri_etal2006,
address = {Honolulu},
author = {Ceccopieri, W and Silveira, I C A and Schmidt, A C K and Lima, J M L and Fontes, R C},
booktitle = {Ocean Sciences Meeting 2006},
institution = {AGU/ASLO/IAPSO/TOS},
pages = {OS45N--12},
title = {{Mesoscale Variability of the Brazil Current-Intermediate Western Boundary Current System at 22\^{}$\backslash$circ S}},
year = {2006}
}
@article{Ezer2002,
author = {Ezer, Tal and Arango, Hernan and Shchepetkin, Alexander F},
file = {:home/rsoutelino/rsoutelino/mat\_didatico/papers/ezer\_etal\_2002.pdf:pdf},
journal = {Ocean Modelling},
keywords = {numerical methods,ocean modeling,sigma coordinates},
pages = {249--267},
title = {{Developments in terrain-following ocean models : intercomparisons of numerical aspects}},
volume = {4},
year = {2002}
}
@article{Firing1991,
author = {Firing, Eric},
file = {:home/rsoutelino/rsoutelino/mat\_didatico/papers/ADCP\_protocolo.pdf:pdf},
title = {{Acoustic Doppler Current Pro ling Measurements and Navigation}},
year = {1991}
}
@article{Campos2006,
author = {Campos, Edmo J. D.},
doi = {10.1029/2006GL026997},
file = {:home/rsoutelino/rsoutelino/mat\_didatico/papers/campos2006\_grl.pdf:pdf},
issn = {0094-8276},
journal = {Geophysical Research Letters},
month = nov,
number = {22},
pages = {1--5},
title = {{Equatorward translation of the Vitoria Eddy in a numerical simulation}},
url = {http://www.agu.org/pubs/crossref/2006/2006GL026997.shtml},
volume = {33},
year = {2006}
}
@misc{Clarke1980,
author = {Clarke, R Allyn and Hill, Harry W and Reiniger, Robert F and Warren, Bruce A},
file = {:home/rsoutelino/rsoutelino/mat\_didatico/papers/clarke\_etal1980.pdf:pdf},
title = {{Current system South and East of the Grand Banks of Newfoundland}},
year = {1980}
}
@article{robinson_glen1999,
author = {Robinson, A and Glen, S M},
journal = {Nav. Res. Rev.},
number = {2},
pages = {28--38},
title = {{Adaptive sampling for ocean forecasting}},
volume = {51},
year = {1999}
}
@article{Matano2002,
author = {Matano, Ricardo P and Beier, E and Strub, P T and Tokmakian, R},
file = {:home/rsoutelino/rsoutelino/mat\_didatico/papers/matano\_etal2001jpo.pdf:pdf},
journal = {JPO},
pages = {1228--1241},
title = {{Large-Scale Forcing of the Agulhas Variability : The Seasonal Cycle}},
year = {2002}
}
@article{Gangopadhyay2003,
author = {Gangopadhyay, Avijit and Robinson, Allan R and Haley, Patrick J and Leslie, Wayne G and Lozano, Carlos J and Bisagni, James J and Yu, Zhitao},
file = {:home/rsoutelino/rsoutelino/mat\_didatico/papers/gangopadhyay\_etal2003.pdf:pdf},
journal = {Continental Shelf Research},
keywords = {coastal currents,gyres,modeling,ocean circulation,shelf fronts,shelf seas},
pages = {317--353},
title = {{Feature-oriented regional modeling and simulations in the Gulf of Maine and Georges Bank}},
volume = {23},
year = {2003}
}
@article{Hill2011,
author = {Hill, K. L. and Rintoul, S. R. and Ridgway, K. R. and Oke, P. R.},
doi = {10.1029/2009JC005926},
file = {:home/rsoutelino/rsoutelino/mat\_didatico/papers/hill\_etal2011jgr.pdf:pdf},
issn = {0148-0227},
journal = {Journal of Geophysical Research},
month = jan,
number = {C1},
pages = {1--12},
title = {{Decadal changes in the South Pacific western boundary current system revealed in observations and ocean state estimates}},
url = {http://www.agu.org/pubs/crossref/2011/2009JC005926.shtml},
volume = {116},
year = {2011}
}
@article{chaudhuri_etal2008,
author = {Chaudhuri, A and Bisagni, J J and Gangopadhyay, A},
doi = {10.1016/j.csr.2008.10.001},
journal = {Cont. Shelf Res.},
pages = {393--406},
title = {{Shelf entrainment by \{G\}ulf \{S\}tream warm-core rings between 75\^{}$\backslash$circ\{W\} and 50\^{}$\backslash$circ\{W\} during 1978-1999}},
volume = {29},
year = {2008}
}
@article{johns1988,
author = {Johns, W E},
doi = {10.1016/0377-0265(88)90005-X},
issn = {0377-0265},
journal = {Dyn. Atmos. Oceans},
number = {3-4},
pages = {323--350},
title = {{One-dimensional baroclinically unstable waves on the \{G\}ulf \{S\}tream potential vorticity gradient near \{C\}ape \{H\}atteras}},
url = {http://www.sciencedirect.com/science/article/B6VCR-48BD3DR-1R/2/af361fb8e8794cbc72d2b64040a73315},
volume = {11},
year = {1988}
}
@article{belkin_etal2009,
author = {Belkin, I M and Cornillon, P and Sherman, K},
doi = {10.1016/j.pocean.2009.04.015},
issn = {0079-6611},
journal = {Prog. Oceanogr.},
number = {1-4},
pages = {223--236},
title = {{Fronts in Large Marine Ecosystems}},
url = {http://www.sciencedirect.com/science/article/B6V7B-4W4JDKS-1/2/d3d2881c7824cb70bf9b7f47a8de67d1},
volume = {81},
year = {2009}
}
@article{Silveira2008,
author = {Silveira, I C A and Lima, J A M and Schmidt, A C K and Ceccopieri, W},
doi = {10.1016/j.dynatmoce.2008.01.002},
file = {:home/rsoutelino/rsoutelino/mat\_didatico/papers/silveira\_etal2008.pdf:pdf},
journal = {DAO},
pages = {187--207},
title = {{Dynamics of Atmospheres and Oceans Is the meander growth in the Brazil Current system off Southeast Brazil due to baroclinic instability ?}},
volume = {45},
year = {2008}
}
@article{Fernandes2009,
author = {Fernandes, Alexandre M. and da Silveira, Ilson C.a. and Calado, Leandro and Campos, Edmo J.D. and Paiva, Afonso M.},
doi = {10.1016/j.ocemod.2009.03.008},
file = {:home/rsoutelino/rsoutelino/mat\_didatico/papers/fernandes\_etal2009.pdf:pdf},
issn = {14635003},
journal = {Ocean Modelling},
number = {2},
pages = {154--158},
publisher = {Elsevier Ltd},
title = {{A two-layer approximation to the Brazil CurrentâIntermediate Western Boundary Current System between 20Â°S and 28Â°S}},
url = {http://linkinghub.elsevier.com/retrieve/pii/S1463500309000754},
volume = {29},
year = {2009}
}
@mastersthesis{fernandes2001,
address = {S\~{a}o Paulo},
author = {Fernandes, A M},
pages = {108},
school = {Universidade de S\~{a}o Paulo},
title = {{Din\^{a}mica barocl\'{\i}nica da Corrente do Brasil na regi\~{a}o sudeste}},
year = {2001}
}
@article{Ray1991,
author = {Ray, G P and Amma, Lothar Sa},
file = {:home/rsoutelino/rsoutelino/mat\_didatico/papers/peterson\_stramma\_91.pdf:pdf},
journal = {Components},
pages = {1--73},
title = {{Upper-level circulation in the South Atlantic Ocean}},
volume = {26},
year = {1991}
}
@phdthesis{ni1996,
address = {Cambridge/Woods Hole, Massachusetts, USA},
author = {Ni, B},
pages = {210pp},
school = {MIT-WHOI Joint Program in Physical Oceanography},
title = {{Temporal, Spatial and Pulse Instabilities of the \{G\}ulf \{S\}tream}},
year = {1996}
}
@workshop{godoi_etal2004,
address = {S\~{a}o Paulo},
author = {Godoi, S S and Calado, L and Silveira, I C A and Miranda, L B},
booktitle = {II Simp\'{o}sio Brasileiro de Oceanografia},
institution = {Universidade de S\~{a}o Paulo},
title = {{O n\'{\i}vel de invers\~{a}o da Corrente do Brasil: uma nova abordagem}},
year = {2000}
}
@book{preisendorfer1998,
address = {Amsterdam},
author = {Preisendorfer, R W},
pages = {126},
publisher = {Elsevier},
title = {{Principal component analysis in Meteorology and Oceanography}},
year = {1988}
}
@article{McDonagh2005,
author = {McDonagh, E L and King, B A},
file = {:home/rsoutelino/rsoutelino/mat\_didatico/papers/McDonagh\_JPO\_2005.pdf:pdf},
journal = {JPO},
pages = {109--122},
title = {{Oceanic Fluxes in the South Atlantic}},
year = {2005}
}
@article{Chelton2004,
abstract = {Four-year averages of 25-kilometer-resolution measurements of near-surface wind speed and direction over the global ocean from the QuikSCAT satellite radar scatterometer reveal the existence of surprisingly persistent small-scale features in the dynamically and thermodynamically important curl and divergence of the wind stress. Air-sea interaction over sea surface temperature fronts throughout the world ocean is evident in both the curl and divergence fields, as are the influences of islands and coastal mountains. Ocean currents such as the Gulf Stream generate distinctive patterns in the curl field. These previously unresolved features have important implications for oceanographic and air-sea interaction research.},
author = {Chelton, Dudley B and Schlax, Michael G and Freilich, Michael H and Milliff, Ralph F},
doi = {10.1126/science.1091901},
file = {:home/rsoutelino/rsoutelino/mat\_didatico/papers/chelton\_etal2004sci.pdf:pdf},
issn = {1095-9203},
journal = {Science (New York, N.Y.)},
month = feb,
number = {5660},
pages = {978--83},
pmid = {14726595},
title = {{Satellite measurements reveal persistent small-scale features in ocean winds.}},
url = {http://www.ncbi.nlm.nih.gov/pubmed/14726595},
volume = {303},
year = {2004}
}
@article{Memery2000,
author = {Memery, L},
file = {:home/rsoutelino/rsoutelino/mat\_didatico/papers/memery\_etal\_2000.pdf:pdf},
journal = {Progress in Oceanography},
pages = {69--98},
title = {{The water masses along the western boundary of the south and equatorial Atlantic}},
volume = {47},
year = {2000}
}
@article{DiLorenzo2008,
author = {{Di Lorenzo}, E. and Schneider, N. and Cobb, K. M. and Franks, P. J. S. and Chhak, K. and Miller, a. J. and McWilliams, J. C. and Bograd, S. J. and Arango, H. and Curchitser, E. and Powell, T. M. and Rivi\`{e}re, P.},
doi = {10.1029/2007GL032838},
file = {:home/rsoutelino/rsoutelino/mat\_didatico/papers/dilorenzo\_etal2008grl.pdf:pdf},
issn = {0094-8276},
journal = {Geophysical Research Letters},
month = apr,
number = {8},
pages = {1--6},
title = {{North Pacific Gyre Oscillation links ocean climate and ecosystem change}},
url = {http://www.agu.org/pubs/crossref/2008/2007GL032838.shtml},
volume = {35},
year = {2008}
}
@phdthesis{lima2003,
address = {S\~{a}o Paulo},
author = {Lima, A F},
pages = {252},
school = {Universidade de S\~{a}o Paulo},
title = {{Compara\c{c}\~{a}o dos Sistemas Sedimentares Profundos da Bacia Sudeste-Sul do Brazil com \^{E}nfase no Sistema Misto Col\'{u}mbia}},
year = {2003}
}
@article{Large1994,
author = {Large, W G and Mcwilliams, J C and Doney, S C},
file = {:home/rsoutelino/rsoutelino/mat\_didatico/papers/large\_etal1994.pdf:pdf},
journal = {Reviews of Geophisics},
number = {94},
pages = {363--403},
title = {{OCEANIC WITH VERTICAL MIXING : A REVIEW LAYER AND A MODEL A NONLOCAL BOUNDARY}},
year = {1994}
}
@article{Sutton2002,
author = {Sutton, P J H},
file = {:home/rsoutelino/rsoutelino/mat\_didatico/papers/sutton\_chereskin2002.pdf:pdf},
journal = {Current},
keywords = {acoustic doppler current profiler,adcp,broadband,east auckland current,geostrophic currents},
number = {October 2001},
title = {{Absolute geostrophic currents in the East Auckland Current region}},
year = {2002}
}
@article{Figueiredo2011,
author = {Figueiredo, L\'{u}cio and Silva, Paulo Alves and Cirano, Mauro and Peliz, \'{A}lvaro and Dubert, Jesus and Beach, West Palm and Rezende, Figueiredo},
doi = {10.2112/JCOASTRES-D-10-00059.1},
file = {:home/rsoutelino/rsoutelino/mat\_didatico/papers/rezende\_etal2011jcr.pdf:pdf},
journal = {Education},
number = {2},
pages = {329--347},
title = {{Mean Circulation , Seasonal Cycle , and Eddy Interactions in the Eastern Brazilian Margin , a Nested ROMS Model Mean Circulation , Seasonal Cycle , and Eddy Interactions in the Eastern Brazilian Margin , a Nested ROMS Model}},
volume = {27},
year = {2011}
}
@article{Silva2009,
author = {Silva, Marcus and Araujo, Moacyr and Servain, Jacques and Penven, Pierrick and Lentini, Carlos A.D.},
doi = {10.1016/j.ocemod.2009.07.002},
file = {:home/rsoutelino/rsoutelino/mat\_didatico/papers/silva\_etal2009\_InPress.pdf:pdf},
issn = {14635003},
journal = {Ocean Modelling},
keywords = {southwestern tropical atlantic},
number = {4},
pages = {256--269},
publisher = {Elsevier Ltd},
title = {{High-resolution regional ocean dynamics simulation in the southwestern tropical Atlantic}},
url = {http://dx.doi.org/10.1016/j.ocemod.2009.07.002 http://linkinghub.elsevier.com/retrieve/pii/S1463500309001413},
volume = {30},
year = {2009}
}
@article{Houry1987,
author = {Houry, S and Dombrowsky, E and {De Mey}, P and Minster, J.-F.},
file = {:home/rsoutelino/rsoutelino/mat\_didatico/papers/houry\_etal\_jpo\_1987.pdf:pdf},
journal = {JPO},
title = {{Brunt-Vaisala Frequency and Rossby Radii in the South Atlantic}},
year = {1987}
}
@article{Stammer1997,
author = {Stammer, D},
file = {:home/rsoutelino/rsoutelino/mat\_didatico/papers/stammer97.pdf:pdf},
journal = {JPO},
pages = {1743--1769},
title = {{Global Characteristics of Ocean Variability Estimated from Regional TOPEX / POSEIDON Altimeter Measurements}},
year = {1997}
}
@article{spall_robinson1990,
author = {Spall, M A and Robinson, A R},
doi = {10.1175/1520-0485(1990)020<0985:RPESOT>2.0.CO;2},
journal = {J. Phys. Oceanogr.},
number = {7},
pages = {985--1016},
title = {{Regional primitive equation studies of the \{G\}ulf \{S\}tream meander and ring formation region}},
volume = {20},
year = {1990}
}
@article{Alley2007,
author = {Alley, Richard and Berntsen, Terje and Bindoff, Nathaniel L and Chen, Zhenlin and Chidthaisong, Amnat and Friedlingstein, Pierre and Hegerl, Gabriele and Heimann, Martin and Hewitson, Bruce and Hoskins, Brian and Joos, Fortunat and Jouzel, Jean and Kattsov, Vladimir and Lohmann, Ulrike and Manning, Martin and Matsuno, Taroh and Molina, Mario and Nicholls, Neville and Overpeck, Jonathan and Qin, Dahe and Ramaswamy, Venkatachalam and Ren, Jiawen and Rusticucci, Matilde and Solomon, Susan and Somerville, Richard and Stocker, Thomas F and Stott, Peter and Stouffer, Ronald J and Whetton, Penny and Wood, Richard A and Wratt, David and Arblaster, Julie and Brasseur, Guy and Christensen, Jens Hesselbjerg and Denman, Kenneth and Fahey, David W and Forster, Piers and Jansen, Eystein and Jones, Philip D and Knutti, Reto and Treut, Herv\'{e} Le and Lemke, Peter and Meehl, Gerald and Mote, Philip and Randall, David and Stone, Da\'{\i}th\'{\i} A and Trenberth, E and Willebrand, J\"{u}rgen and Zwiers, Francis},
file = {:home/rsoutelino/rsoutelino/mat\_didatico/papers/IPCC\_SPM\_2\_feb2007.pdf:pdf},
journal = {Changes},
title = {{INTERGOVERNMENTAL PANEL ON CLIMATE CHANGE Climate Change 2007 : The Physical Science Basis Summary for Policymakers Contribution of Working Group I to the Fourth Assessment Report of the Intergovernmental Panel on Climate Change}},
year = {2007}
}
@article{reid_mantyla1976,
author = {Reid, J L and Mantyla, A W},
journal = {J. Geophys. Res.},
number = {C18},
pages = {3100--3110},
title = {{Effect of the geostrophic flow upon coastal sea elevations in the Northern North Pacific Ocean}},
volume = {81},
year = {1976}
}
@incollection{siedler_etal1996,
address = {Berlin Heidelberg},
author = {Siedler, G and M\"{u}ller, T J and Onken, m. and Arhan, M and Mercier, H and King, B A and Saunders, P M},
booktitle = {The South Atlantic Circulation: Present and Past Circulation, Wefer et al. (editors)},
pages = {161--210},
publisher = {Springer-Verlag},
title = {{The zonal WOCE sections in the South Atlantic}},
year = {1996}
}
@article{reid_etal1977,
author = {Reid, J L and Nowlin, W D and Patzert, W P C},
journal = {J. Phys. Oceanogr.},
number = {1},
pages = {62--91},
title = {{On the characteristics and circulation of the southwestern Atlantic Ocean}},
volume = {7},
year = {1977}
}
@article{VanSebille2010,
author = {van Sebille, Erik and van Leeuwen, Peter Jan and Biastoch, Arne and de Ruijter, Wilhelmus P. M.},
doi = {10.1029/2009JC005585},
file = {:home/rsoutelino/rsoutelino/mat\_didatico/papers/vansebille\_etal2010jgr.pdf:pdf},
issn = {0148-0227},
journal = {Journal of Geophysical Research},
month = mar,
number = {C3},
pages = {1--15},
title = {{On the fast decay of Agulhas rings}},
url = {http://www.agu.org/pubs/crossref/2010/2009JC005585.shtml},
volume = {115},
year = {2010}
}
@article{silveira_flierl2002,
author = {Silveira, I C A and Flierl, G R},
journal = {J. Phys. Oceanogr.},
number = {3},
pages = {729--745},
title = {{Eddy formation in 2-$\backslash$nicefrac\{1\}\{2\} layer, quasigeostrophic jets}},
volume = {32},
year = {2002}
}
@article{carter_robinson1987,
author = {Carter, E F and Robinson, A R},
journal = {J. Atmos. Oc. Tech.},
number = {1},
pages = {49--74},
title = {{Analysis models for the estimation of oceanic fields}},
volume = {4},
year = {1987}
}
@article{charney_stern1962,
author = {Charney, J G and Stern, M},
journal = {JAS},
pages = {159--172},
title = {{On the stability of internal baroclinic jets in a rotating atmosphere.}},
volume = {19},
year = {1962}
}
@article{Cirano,
author = {Cirano, Mauro},
file = {:home/rsoutelino/rsoutelino/mat\_didatico/papers/cirano2002\_obc.pdf:pdf},
journal = {Ocean Modelling},
title = {{T ecnicas para a simulac Â¸ antes remotas em Ë oce anica Ë um modelo de circulac regional Introduc Â¸ ao}}
}
@article{SHCHEPETKIN2005,
author = {SHCHEPETKIN, A and MCWILLIAMS, J},
doi = {10.1016/j.ocemod.2004.08.002},
file = {:home/rsoutelino/rsoutelino/mat\_didatico/papers/schepetkin\_mcwilliams2005.pdf:pdf},
issn = {14635003},
journal = {Ocean Modelling},
number = {4},
pages = {347--404},
title = {{The regional oceanic modeling system (ROMS): a split-explicit, free-surface, topography-following-coordinate oceanic model}},
url = {http://linkinghub.elsevier.com/retrieve/pii/S1463500304000484},
volume = {9},
year = {2005}
}
@article{malanotte-rizzoli_etal2000,
author = {Malanotte-Rizolli, P and Hedstrom, K and Arango, H and Haidvogel, D B},
journal = {Dyn. Atmos. Oceans},
month = sep,
pages = {331--371},
title = {{Water mass pathways between the subtropical and tropical ocean in an climatological simulation of the North Atlantic Ocean circulation}},
volume = {32},
year = {2000}
}
@article{Han2009,
author = {Han, Weiqing and Moore, Andrew M. and Levin, Julia and Zhang, Bin and Arango, Hernan G. and Curchitser, Enrique and {Di Lorenzo}, Emanuele and Gordon, Arnold L. and Lin, Jialin},
doi = {10.1016/j.dynatmoce.2008.10.007},
file = {:home/rsoutelino/rsoutelino/mat\_didatico/papers/han\_etal2009dao.pdf:pdf},
issn = {03770265},
journal = {Dynamics of Atmospheres and Oceans},
month = jun,
number = {1-3},
pages = {114--137},
title = {{Seasonal surface ocean circulation and dynamics in the Philippine Archipelago region during 2004â2008}},
url = {http://linkinghub.elsevier.com/retrieve/pii/S0377026508000663},
volume = {47},
year = {2009}
}
@article{vianna_etal2007,
author = {Vianna, M L and {V. V. Menezes} and Chambers, D P},
doi = {10.1029/2007GL031912},
journal = {Geophys. Res. Lett.},
pages = {L24604},
title = {{A high resolution satellite-only \{GRACE\}-based mean dynamic topography of the \{S\}outh \{A\}tlantic \{O\}cean}},
volume = {34},
year = {2007}
}
@article{Hole2004,
author = {Hole, Woods and Island, Rhode},
file = {:home/rsoutelino/rsoutelino/mat\_didatico/papers/perez-brunius\_etal2003.pdf:pdf},
journal = {North},
number = {Krauss 1986},
pages = {298--316},
title = {{A Method for Obtaining the Mean Transports of Ocean Currents by Combining Isopycnal Float Data with Historical Hydrography}},
year = {2004}
}
@article{chaudhuri_etal2009,
author = {Chaudhuri, A and Gangopadhyay, A and Bisagni, J J},
doi = {10.1016/j.csr.2009.01.008},
journal = {Cont. Shelf Res.},
pages = {856--869},
title = {{Interannual variability of \{G\}ulf \{S\}tream warm-core rings in response to the \{N\}orth \{A\}tlantic \{O\}scillation}},
volume = {29},
year = {2009}
}
@article{Schmid2010,
author = {Schmid, Claudia and Garzoli, Silvia L},
file = {:home/rsoutelino/rsoutelino/mat\_didatico/papers/Schmid\&Garzoli.pdf:pdf},
journal = {JMR},
number = {January},
title = {{New observations of the Spreading and Variability of the Antarctic Intermediate Water in the Atlantic}},
year = {2010}
}
@book{tomczak_godfrey1994,
address = {Great Britain},
author = {Tomczak, M and Godfrey, J S},
pages = {422},
publisher = {Pergamon},
title = {{Regional oceanography: an introduction}},
year = {1994}
}
@article{SCHOUTEN2003,
author = {SCHOUTEN, M and DERUIJTER, W and VANLEEUWEN, P and RIDDERINKHOF, H},
doi = {10.1016/S0967-0645(03)00042-0},
file = {:home/rsoutelino/rsoutelino/mat\_didatico/papers/shouten\_etal2003dsr.pdf:pdf},
issn = {09670645},
journal = {Deep Sea Research Part II: Topical Studies in Oceanography},
month = jul,
number = {12-13},
pages = {1987--2003},
title = {{Eddies and variability in the Mozambique Channel}},
url = {http://linkinghub.elsevier.com/retrieve/pii/S0967064503000420},
volume = {50},
year = {2003}
}
@article{urbano_silveira2003,
author = {Urbano, D F and Silveira, I C A},
journal = {Rev. Bras. Geofis.},
number = {2},
pages = {145--162},
title = {{Estrutura din\^{a}mica das contra-correntes equatoriais do Oceano Atl\^{a}ntico ao longo de 44\^{}$\backslash$circ W}},
volume = {21},
year = {2003}
}
@incollection{watts1983,
address = {Berlin Heidelberg},
author = {Watts, D R},
booktitle = {Eddies in marine science, A. R. Robinson (editor)},
pages = {114--144},
publisher = {Springer-Verlag},
title = {{Gulf Stream variability}},
year = {1983}
}
@misc{TheMendeleySupportTeam2011,
abstract = {A quick introduction to Mendeley. Learn how Mendeley creates your personal digital library, how to organize and annotate documents, how to collaborate and share with colleagues, and how to generate citations and bibliographies.},
address = {London},
author = {{The Mendeley Support Team}},
booktitle = {Mendeley Desktop},
file = {:opt/mendeleydesktop/share/doc/mendeleydesktop/FAQ.pdf:pdf},
keywords = {Mendeley,how-to,user manual},
pages = {1--16},
publisher = {Mendeley Ltd.},
title = {{Getting Started with Mendeley}},
url = {http://www.mendeley.com},
year = {2011}
}
@article{stommel1958,
author = {Stommel, H},
journal = {Deep-Sea Res.},
pages = {80--82},
title = {{The abyssal circulation}},
volume = {5},
year = {1958}
}
@article{Lermusiaux2001,
author = {Lermusiaux, P F J and Robinson, A R},
file = {:home/rsoutelino/rsoutelino/mat\_didatico/papers/lermusiaux\_robinson2001.pdf:pdf},
journal = {Deep-Sea Research},
title = {{Features of dominant mesoscale variability, circulation patterns and dynamics in the Strait of Sicily}},
volume = {45},
year = {2001}
}
@article{yano_flierl1992,
author = {Yano, Jun-Ichi and Flierl, Glenn R},
journal = {Dynam. Atmos. Oceans},
number = {6},
pages = {439--472},
title = {{Isolated potential vorticity patches in quasi-geostrophic zonal shear flows}},
volume = {16},
year = {1992}
}
@phdthesis{silveira2006,
address = {S\~{a}o Paulo},
author = {Silveira, I C A},
pages = {160},
school = {Universidade de S\~{a}o Paulo},
title = {{O Sistema Corrente do Brasil na Bacia de Campos, RJ}},
year = {2006}
}
@article{lentini_etal2002,
author = {Lentini, C A D and Olson, D B and Podesta, G P},
journal = {Geophys. Res. Lett.},
number = {16},
pages = {1811},
title = {{Statistics of Brazil Current rings observed from AVHRR: 1993 to 1998}},
volume = {29},
year = {2002}
}
@article{Durski2004,
author = {Durski, Scott M.},
doi = {10.1029/2002JC001702},
file = {:home/rsoutelino/rsoutelino/mat\_didatico/papers/durski\_etal2004jgr.pdf:pdf},
issn = {0148-0227},
journal = {Journal of Geophysical Research},
number = {C1},
pages = {1--23},
title = {{Vertical mixing schemes in the coastal ocean: Comparison of the level 2.5 Mellor-Yamada scheme with an enhanced version of the K profile parameterization}},
url = {http://www.agu.org/pubs/crossref/2004/2002JC001702.shtml},
volume = {109},
year = {2004}
}
@techreport{belkin2005,
author = {Belkin, I M},
institution = {United Nations Environmental Program (UNEP), 51pp},
title = {{Oceanic \{F\}ronts in \{L\}arge \{M\}arine \{E\}cosystems}},
year = {2005}
}
@article{Marchesiello2001,
author = {Marchesiello, Patrick and Mcwilliams, James C and Shchepetkin, Alexander},
file = {:home/rsoutelino/rsoutelino/mat\_didatico/papers/marchesiello\_etal2001.pdf:pdf},
journal = {Ocean Modelling},
keywords = {modeling,ocean circulation,open boundary conditions},
title = {{Open boundary conditions for long-term integration of regional oceanic models}},
volume = {3},
year = {2001}
}
@article{reid_etal1977,
author = {Reid, J L and Nowlin, W D and Patzert, W P},
journal = {J. Phys. Oceanogr.},
pages = {62--91},
title = {{On the characteristics and circulation of the southwestern Atlantic Ocean}},
volume = {7},
year = {1977}
}
@article{cayula_cornillon1991,
author = {Cayula, J-F. and Cornillon, P},
journal = {J. Atmos. Oc. Tech.},
number = {1},
pages = {67--80},
title = {{Edge detection algorithm for \{SST\} images}},
volume = {9},
year = {1991}
}
@article{Pickart1993,
author = {Pickart, R S and Lindstrom, S S},
file = {:home/rsoutelino/rsoutelino/mat\_didatico/papers/pickart\_lindstrom\_1993.pdf:pdf},
journal = {JAOT},
title = {{A comparison of techniques for referencing geostrophic velocities}},
year = {1993}
}
@article{Lentz2004,
author = {Lentz, S J and Chapman, D C},
file = {:home/rsoutelino/rsoutelino/mat\_didatico/papers/lentz\_chapman2004jpo.pdf:pdf},
journal = {JPO},
pages = {2444--2457},
title = {{The Importance of Nonlinear Cross-Shelf Momentum Flux during Wind-Driven Coastal Upwelling *}},
year = {2004}
}
@phdthesis{Mattos2003,
author = {Mattos, R A},
file = {:home/rsoutelino/rsoutelino/mat\_didatico/papers/monografia\_heyjoe.pdf:pdf},
title = {{Avaliacao da geostrofia do Sistema Corrente do Brasil ao largo de Cabo Frio (23 S)}},
year = {2003}
}
@book{emery_thomson1998,
address = {Great Britain},
author = {Emery, W J and Thomson, R E},
pages = {634},
publisher = {Pergamon},
title = {{Data analysis methods in physical oceanography}},
year = {1998}
}
@article{Marshall2010,
author = {Marshall, David P. and Adcroft, Alistair J.},
doi = {10.1016/j.ocemod.2010.02.001},
file = {:home/rsoutelino/rsoutelino/mat\_didatico/papers/marshall\_adcroft2010om.pdf:pdf},
issn = {14635003},
journal = {Ocean Modelling},
number = {3-4},
pages = {188--204},
publisher = {Elsevier Ltd},
title = {{Parameterization of ocean eddies: Potential vorticity mixing, energetics and Arnoldâs first stability theorem}},
url = {http://linkinghub.elsevier.com/retrieve/pii/S1463500310000107},
volume = {32},
year = {2010}
}
@article{flierl_davis1993,
author = {Flierl, G R and Davis, C S},
journal = {J. Mar. Res.},
number = {3},
pages = {529--560},
title = {{Biological effects of Gulf Stream meandering}},
volume = {51},
year = {1993}
}
@techreport{belkin_cornillon2007,
author = {{Belkin I.M.} and Cornillon, P C},
institution = {ICES CM 2007/D:21},
title = {{Fronts in the World Ocean's Large Marine Ecosystems}},
year = {2007}
}
@article{viera_grimshaw1994,
author = {Viera, F and Grimshaw, R},
journal = {J. Phys. Oceanogr.},
number = {7},
pages = {1433--1448},
title = {{Topography forcing of coastal mesoscale phenomena - filamentation, vortex formation, and eddy detachment}},
volume = {24},
year = {1994}
}
@article{Cirano2006,
author = {Cirano, Mauro and Mata, Mauricio M. and Campos, Edmo J. D. and Deir\'{o}, N F R},
file = {:home/rsoutelino/rsoutelino/mat\_didatico/papers/cirano\_etal2006rbgf.pdf:pdf},
journal = {RBGf},
keywords = {antarctic intermediate water,circulac,nodc,north atlantic deep water,o global que vem,occam,ocean circulation model,sendo bastante utilizado,south atlantic,south atlantic central water,termohaline fields,tropical water,um dos modelos de},
pages = {209--230},
title = {{a circula\c{c}\~{a}o ocea\^{a}nica de larga-escala na regi\~{a}o oeste do Atlantico Sul com base no modelo de circula\c{c}\~{a}o global OCCAM}},
volume = {24},
year = {2006}
}
@article{Sikiric2009,
author = {Sikiri\'{c}, Mathieu Dutour and Janekovi\'{c}, Ivica and Kuzmi\'{c}, Milivoj},
doi = {10.1016/j.ocemod.2009.03.009},
file = {:home/rsoutelino/rsoutelino/mat\_didatico/papers/dutour\_etal2009om.pdf:pdf},
issn = {14635003},
journal = {Ocean Modelling},
keywords = {bathymetry smoothing},
number = {2},
pages = {128--136},
title = {{A new approach to bathymetry smoothing in sigma-coordinate ocean models}},
url = {http://linkinghub.elsevier.com/retrieve/pii/S1463500309000742},
volume = {29},
year = {2009}
}
@article{schott_etal2005,
author = {Schott, F A and Dengler, M and Zantopp, R and Stramma, L and Fisher, J and Brandt, P},
doi = {10.1175/JPO2813.1},
journal = {J. Phys. Oceanogr.},
month = nov,
number = {11},
pages = {2031--2053},
title = {{The shallow and deep western boundary current circulation of \{S\}outh \{A\}tlantic at 5\^{}$\backslash$circ\{S\} - 11\^{}$\backslash$circ\{S\}}},
volume = {35},
year = {2005}
}
@article{emery_meincke1986,
author = {Emery, W J and Meincke, J},
journal = {Oceanol. Acta},
number = {4},
pages = {383--391},
title = {{Global water masses: summary and review}},
volume = {9},
year = {1986}
}
@article{lutjerharms_etal2003,
author = {Lutjeharms, J R E and Penven, P and Roy, C},
doi = {10.1016/S0278-4343(03)00106-7},
journal = {Cont. Shelf Res.},
number = {11-13},
pages = {1099--1115},
title = {{Modelling the shear edge eddies of the southern \{A\}gulhas \{C\}urrent}},
volume = {23},
year = {2003}
}
@article{Pollard1989,
author = {Pollard, R and Read, J},
file = {:home/rsoutelino/rsoutelino/mat\_didatico/papers/pollard\_read1989.pdf:pdf},
journal = {JAOT},
title = {{A method for calibrating shipmounted acoustic doppler current profilers and the limitations of gyro compasses}},
year = {1989}
}
@article{reid1978,
author = {Reid, J L},
journal = {J. Geophys. Res.},
number = {C10},
pages = {5063--5067},
title = {{On the mid-depth circulation and salinity field in the North Atlantic Ocean}},
volume = {83},
year = {1978}
}
@article{Peliz2003,
author = {Peliz, \'{A}lvaro},
doi = {10.1029/2002JC001443},
file = {:home/rsoutelino/rsoutelino/mat\_didatico/papers/peliz\_etal2002.pdf:pdf},
issn = {0148-0227},
journal = {Journal of Geophysical Research},
number = {C8},
pages = {1--19},
title = {{Generation and unstable evolution of a density-driven Eastern Poleward Current: The Iberian Poleward Current}},
url = {http://www.agu.org/pubs/crossref/2003/2002JC001443.shtml},
volume = {108},
year = {2003}
}
@article{gaeta_etal1999,
author = {Gaeta, S A and Lorenzzetti, J A and Miranda, L B and Susini-Ribeiro, S and Pompeu, M},
journal = {Arch. Fish.Mar. Res.},
pages = {253--270},
title = {{The Vit\'{o}ria Eddy and its relation to the phytoplankton biomass and primary productivity during tha austral 1995}},
volume = {47},
year = {1999}
}
@article{Munk1950,
author = {Munk, Walter},
file = {:home/rsoutelino/rsoutelino/mat\_didatico/papers/munk1950.pdf:pdf},
journal = {Journal of Meteorology},
title = {{On the wind-driven Ocean Circulation}},
year = {1950}
}
@article{tsuchiya_etal1994,
author = {Tsuchiya, M and Talley, L D and McCartney, M S},
journal = {J. Mar. Res.},
pages = {747--755},
title = {{Circulation of the \{A\}ntarctic \{I\}ntermediate \{W\}ater in the \{N\}orth \{A\}tlantic}},
volume = {47},
year = {1994}
}
@article{Silva2009a,
author = {Silva, Marcus and Araujo, Moacyr and Servain, Jacques and Penven, Pierrick and Lentini, Carlos A.D.},
doi = {10.1016/j.ocemod.2009.07.002},
file = {:home/rsoutelino/rsoutelino/mat\_didatico/papers/silva\_etal2009.pdf:pdf},
issn = {14635003},
journal = {Ocean Modelling},
keywords = {southwestern tropical atlantic},
number = {4},
pages = {256--269},
publisher = {Elsevier Ltd},
title = {{High-resolution regional ocean dynamics simulation in the southwestern tropical Atlantic}},
url = {http://dx.doi.org/10.1016/j.ocemod.2009.07.002 http://linkinghub.elsevier.com/retrieve/pii/S1463500309001413},
volume = {30},
year = {2009}
}
@article{Chavanne2010,
author = {Chavanne, C\'{e}dric P. and Klein, Patrice},
doi = {10.1029/2010GL045057},
file = {:home/rsoutelino/rsoutelino/mat\_didatico/papers/cedric\_klein2010grl.pdf:pdf},
issn = {0094-8276},
journal = {Geophysical Research Letters},
month = nov,
number = {22},
pages = {2--5},
title = {{Can oceanic submesoscale processes be observed with satellite altimetry?}},
url = {http://www.agu.org/pubs/crossref/2010/2010GL045057.shtml},
volume = {37},
year = {2010}
}
@article{Cirano2004,
author = {Cirano, M and Middleton, JF},
file = {:home/rsoutelino/rsoutelino/mat\_didatico/papers/cirano\_middleton2004jpo.pdf:pdf},
journal = {Journal of physical oceanography},
number = {1997},
pages = {668--684},
title = {{Aspects of the mean wintertime circulation along Australia\&\#39;s southern shelves: Numerical studies}},
url = {http://journals.ametsoc.org/doi/abs/10.1175/2509.1},
year = {2004}
}
@article{maximenko_etal2005,
author = {Maximenko, N A and Bang, B and Sasaki, H},
doi = {10.1029/2005GL022728},
file = {:home/rsoutelino/rsoutelino/mat\_didatico/papers/maximenko\_etal2005.pdf:pdf},
journal = {Geophys. Res. Let.},
month = jun,
number = {L12607},
pages = {1--4},
title = {{Observational evidence of alternating zonal jets in the world ocean}},
volume = {32},
year = {2005}
}
@article{gordon_greengrove1986,
author = {Gordon, A L and Greengrove, C L},
journal = {Deep-Sea Res.},
number = {5},
pages = {573--585},
title = {{Geostrophic circulation on the Brazil-Falkland Confluence}},
volume = {33},
year = {1986}
}
@article{mascarenhas_etal1971,
author = {Mascarenhas, A S and Miranda, L B and Rock, N J},
journal = {Costlow J. D.},
pages = {285:308},
title = {{A study of oceanographic conditions in the region of \{C\}abo \{F\}rio}},
volume = {1},
year = {1971}
}
@article{yamagata_umatani1987,
author = {Yamagata, T and Umatani, S-I.},
doi = {10.1111/j.1600-0870.1987.tb00297.x},
file = {:home/rsoutelino/rsoutelino/mat\_didatico/papers/yamagata\_umatani1987.pdf:pdf},
journal = {Tellus Ser. A},
number = {2},
pages = {161--169},
title = {{The capture of current meander by coastal geometry with possible application to the Kuroshio Current}},
volume = {39A},
year = {1987}
}
@article{webb2000,
author = {Webb, D J},
doi = {10.1175/1520-0485(2000)030<0706:EFSZJI>2.0.CO;2},
journal = {J. Phys. Oceanogr.},
month = apr,
number = {4},
pages = {706--720},
title = {{Evidence for Shallow Zonal Jets in the \{S\}outh \{E\}quatorial \{C\}urrent Region of the \{S\}outhwest \{P\}acific}},
volume = {30},
year = {2000}
}
@article{DaSilveira2004,
author = {da Silveira, I. C. A.},
doi = {10.1029/2004GL020036},
file = {:home/rsoutelino/rsoutelino/mat\_didatico/papers/silveiraetal2004.pdf:pdf},
issn = {0094-8276},
journal = {Geophysical Research Letters},
number = {14},
title = {{On the baroclinic structure of the Brazil CurrentâIntermediate Western Boundary Current system at 22Â°â23Â°S}},
url = {http://www.agu.org/pubs/crossref/2004/2004GL020036.shtml},
volume = {31},
year = {2004}
}
@article{hooker_brown1996,
author = {Hooker, S B and Brown, J W},
journal = {IEEE T. Geosci. Remote},
number = {6},
pages = {1323--1330},
title = {{Dipole rings and vortex interactions of the Brazil current}},
volume = {34},
year = {1996}
}
@article{Swart2010,
author = {Swart, N. C. and Lutjeharms, J. R. E. and Ridderinkhof, H. and de Ruijter, W. P. M.},
doi = {10.1029/2009JC005875},
file = {:home/rsoutelino/rsoutelino/mat\_didatico/papers/swart\_etal2003jgr.pdf:pdf},
issn = {0148-0227},
journal = {Journal of Geophysical Research},
month = sep,
number = {C9},
pages = {1--14},
title = {{Observed characteristics of Mozambique Channel eddies}},
url = {http://www.agu.org/pubs/crossref/2010/2009JC005875.shtml},
volume = {115},
year = {2010}
}
@article{Castelao2006,
author = {Castelao, Renato M. and Barth, John a.},
doi = {10.1029/2005GL025182},
file = {:home/rsoutelino/rsoutelino/mat\_didatico/papers/castelao\_barth2006.pdf:pdf},
issn = {0094-8276},
journal = {Geophysical Research Letters},
number = {3},
pages = {2--5},
title = {{Upwelling around Cabo Frio, Brazil: The importance of wind stress curl}},
url = {http://www.agu.org/pubs/crossref/2006/2005GL025182.shtml},
volume = {33},
year = {2006}
}
@article{johns1988,
author = {Johns, W E},
journal = {Dynam. Atmos. Oceans},
number = {3-4},
pages = {323--350},
title = {{One-dimensional baroclinically unstable waves on the Gulf Stream potencial vorticity gradient near Cape Hatteras}},
volume = {11},
year = {1988}
}
@article{stramma_etal1995,
author = {Stramma, L and Fischer, J and Reppin, J},
doi = {10.1016/0967-0637(95)00014-W},
journal = {Deep Sea Res. Part I},
month = may,
number = {5},
pages = {773--795},
title = {{The \{N\}orth \{B\}razil \{U\}ndercurrent}},
volume = {42},
year = {1995}
}
@article{talley2003,
author = {Talley, L D},
journal = {JPO},
pages = {530--560},
title = {{Shallow, intermediate, and deep overturning components of the global heat budget}},
volume = {33},
year = {2003}
}
@article{kirwan_etal1988,
author = {Kirwan, A D and Lewis, J K and Indest, A W and Reinersman, P and Quintero, I},
doi = {10.1029/JC093iC02p01189},
journal = {J. Geophys. Res.},
number = {C2},
pages = {1189--1198},
title = {{Observed and simulated kinematic properties of \{L\}oop \{C\}urrent rings}},
volume = {93},
year = {1988}
}
@article{miranda_castro1979,
author = {Miranda, L B and {Castro Filho}, B M},
journal = {Bolm. Inst. Oceanogr.},
number = {2},
pages = {79--83},
title = {{Condi\c{c}\~{o}es do movimento geostr\'{o}fico das \'{a}guas adjacentes a Cabo Frio (RJ).}},
volume = {28},
year = {1979}
}
@article{Amorim,
author = {Amorim, F N and Cirano, M and Soares, I D and Lentini, C A D},
file = {:home/rsoutelino/rsoutelino/mat\_didatico/papers/amorin\_etal2010csr\_inpress.pdf:pdf},
journal = {Continental Shelf Research},
title = {{Coastal and Shelf Circulation in the Vicinity of Camamu Bay ( 14 â¦ S ), Eastern Brazilian Shelf}}
}
@incollection{firing_etal_1995,
address = {Res./NODC, Univ. of Hawaii at Manoa, Honolulu},
author = {Firing, E and Ranada, J and Caldwell, P},
publisher = {Joint Inst. for Mar. and Atmos.},
title = {{Processing \{ADCP\} Data with the \{CODAS\} Software System Version 3.1}},
year = {1995}
}
@article{penven_etal2001,
author = {Penven, P and Lutjeharms, J R E and Marchesiello, P and Roy, C and Weeks, S J},
doi = {10.1029/1999GL011307},
journal = {Geophys. Res. Lett.},
number = {6},
pages = {1055--1058},
title = {{Generation of cyclonic eddies by the \{A\}gulhas \{C\}urrent in the lee of the \{A\}gulhas \{B\}ank}},
volume = {28},
year = {2001}
}
@article{campos_etal2000,
author = {Campos, E D J and Velhote, D and Silveira, I C A},
journal = {Geophys. Res. Lett.},
number = {6},
pages = {751--754},
title = {{Shelf break upwelling driven by \{B\}razil \{C\}urrent cyclonic meanders}},
volume = {27},
year = {2000}
}
@article{bretherton_etal1976,
author = {Bretherton, F P and Russ, E D and Fandry, C B A},
journal = {Deep-Sea Res.},
number = {7},
pages = {559--582},
title = {{Technique for Objetive Analysis and design of oceanographic experiments applied to MODE-73}},
volume = {23},
year = {1976}
}
@article{Dilorenzo2007,
author = {Dilorenzo, E and Moore, a and Arango, H and Cornuelle, B and Miller, a and Powell, B and Chua, B and Bennett, a},
doi = {10.1016/j.ocemod.2006.08.002},
file = {:home/rsoutelino/rsoutelino/mat\_didatico/papers/dilorenzo\_etal2007om.pdf:pdf},
issn = {14635003},
journal = {Ocean Modelling},
number = {3-4},
pages = {160--187},
title = {{Weak and strong constraint data assimilation in the inverse Regional Ocean Modeling System (ROMS): Development and application for a baroclinic coastal upwelling system}},
url = {http://linkinghub.elsevier.com/retrieve/pii/S1463500306000916},
volume = {16},
year = {2007}
}
@article{palastanga_etal2007,
author = {Palastanga, V and van Leeuwen, P J and Schouten, M W and de Ruijter, Q P M},
doi = {10.1029/2005JC003395},
journal = {J. Geophys. Res.},
month = jan,
pages = {C01001},
title = {{Flow structure and variability in the subtropical \{I\}ndian \{O\}cean: Instability of the \{S\}outh \{I\}ndia \{O\}cean \{C\}ountercurrent}},
volume = {112},
year = {2007}
}
@article{peliz_etal2003,
author = {Peliz, A and Dubert, J and Haidvogel, D B and {Le Cann}, B},
doi = {10.1029/2002JC001443},
journal = {J. Geophys. Res.},
number = {C8},
pages = {3268},
title = {{Generation and unstable evolution of a density-driven Eastern Poleward Current: The Iberian Poleward Current}},
volume = {108},
year = {2003}
}
@misc{Chereskin1997,
author = {Chereskin, T K and Wilson, W D and Bryden, H L and Ffield, A and Morrison, J},
file = {:home/rsoutelino/rsoutelino/mat\_didatico/papers/chereskin\_etal1997.pdf:pdf},
title = {{Observations of the Ekman balance at 8 N in the Arabian Sea during the 1995 southwest monsoon}},
year = {1997}
}
@misc{Hetland,
author = {Hetland, Rob and Zhang, Xiaoqian},
booktitle = {Slide Presentation},
file = {:home/rsoutelino/rsoutelino/mat\_didatico/papers/Hetland.pdf:pdf},
title = {{Modeling circulation on the Texas-Louisiana continental shelf}}
}
@article{mellor_yamada1982,
author = {Mellor, G L and Yamada, T},
journal = {Rev. Geophys. Space Phys.},
pages = {851--875},
title = {{Development of turbulent closure model for geophysical fluid dynamics problems}},
volume = {20},
year = {1992}
}
@anais{godoi_etal2000,
address = {Itaja\'{\i}},
author = {Godoi, S S and Francisco, C P F and Silveira, I C A and Campos, E J D},
booktitle = {Anais da XIII Semana Nacional de Oceanografia},
institution = {Universidade do Vale do Itaja\'{\i}},
pages = {369--371},
title = {{Estrutura vertical da Corrente do Brasil na Bacia de Santos - Condi\c{c}\~{o}es de inverno}},
year = {2000}
}
@article{houry_etal1987,
author = {Houry, S and Dombrowsky, E and {De Mey}, P and Minster, J.-F.},
journal = {J. Phys. Oceanogr.},
number = {10},
pages = {1619--1626},
title = {{Brunt-V\"{a}is\"{a}l\"{a} frequency and rossby radii in the South Atlantic}},
volume = {17},
year = {1987}
}
@book{sverdrup_etal1942,
address = {New Jersey},
author = {Sverdrup, H U and Johnson, M W and Fleming, R H},
pages = {1087},
publisher = {Prentice-Hall Inc.},
title = {{The Oceans, their physics, chemistry, and general biology}},
year = {1942}
}
@incollection{lozano_etal1996,
author = {Lozano, C J and Robinson, A R and Arango, H G and Gangopadhyay, A and Sloan, Q and Jr., P J Haley and Anderson, L A and Leslie, W G},
booktitle = {Modern Approaches to Data Assimilation in Ocean Modeling},
doi = {10.1016/S0422-9894(96)80018-3},
editor = {Malanotte-Rizzoli, P},
issn = {0422-9894},
pages = {413--452},
publisher = {Elsevier},
series = {Elsevier Oceanography Series},
title = {{An interdisciplinary ocean prediction system: Assimilation strategies ana structured data models}},
volume = {61},
year = {1996}
}
@article{miranda1985,
author = {Miranda, L B},
journal = {Bolm. Inst. Oceanogr.},
number = {2},
pages = {105--119},
title = {{Forma da correla\c{c}\~{a}o T-S de massas de \'{a}gua das regi\~{o}es costeira e oce\^{a}nica entre o Cabe de S\~{a}o Tom\'{e} (RJ) e a Ilha de S\~{a}o Sebasti\~{a}o (SP)}},
volume = {33},
year = {1985}
}
@article{morris_etal1996,
author = {Morris, M and Roemmich, D and Cornuelle, B},
doi = {10.1175/1520-0485(1996)026<2359:OOVITS>2.0.CO;2},
journal = {J. Phys. Oceanogr.},
month = nov,
number = {11},
pages = {2359--2380},
title = {{Observations of Variability in the South Pacific Subtropical Gyre}},
volume = {26},
year = {1996}
}
@article{pratt_etal1991,
author = {Pratt, L J and Earles, J and Cornillon, P and Cayula, J F},
journal = {Deep-Sea Res.},
pages = {S591--S622},
title = {{The nolinear behavior of varicose disturbances in a simple-model of the Gulf Stream}},
volume = {38},
year = {1991}
}
@article{boebel_etal1997,
author = {B\"{o}ebel, O and Schmid, C and Zenk, W},
journal = {J. Geophys. Res.},
number = {C9},
pages = {20967--20986},
title = {{Flow and recirculation of Antartic Intermediate Water across the Rio Grande Rise}},
volume = {102},
year = {1997}
}
@article{ganachaud_wunsch2000,
author = {Ganachaud, A and Wunsch, C},
doi = {http://dx.doi.org/10.1038/35044048},
journal = {Nature},
number = {6811},
pages = {453--457},
title = {{Improved estimates of global ocean circulation, heat transport and mixing from hydrographic data}},
volume = {408},
year = {2000}
}
@article{Castelao2011,
author = {Castel\~{a}o, G. P. and Johns, W. E.},
doi = {10.1029/2010JC006575},
file = {:home/rsoutelino/rsoutelino/mat\_didatico/papers/castelao\_etal2011jgr.pdf:pdf},
issn = {0148-0227},
journal = {Journal of Geophysical Research},
month = jan,
number = {C1},
pages = {1--12},
title = {{Sea surface structure of North Brazil Current rings derived from shipboard and moored acoustic Doppler current profiler observations}},
url = {http://www.agu.org/pubs/crossref/2011/2010JC006575.shtml},
volume = {116},
year = {2011}
}
@phdthesis{rowley1996,
address = {Narragansett, Rhode Island, USA},
author = {Rowley, C D},
pages = {162p},
school = {Grad. School. of Oceanog., University of Rhode Island},
title = {{A modeling study of the \{N\}orth \{A\}tlantic \{C\}urrent}},
year = {1996}
}
@article{uda_hasunuma1969,
author = {Uda, M and Hasunuma, K},
journal = {Journal of the Oceanographical Society of Japan},
month = aug,
number = {4},
pages = {201--210},
title = {{The Eastward Subtropical Countercurrent in the Western \{N\}orth \{P\}acific Ocean}},
volume = {25},
year = {1969}
}
@article{peterson_stramma1991,
author = {Peterson, R J and Stramma, L},
doi = {10.1016/0079-6611(91)90006-8},
journal = {Prog. Oceanog.},
number = {1},
pages = {1--73},
title = {{Upper level circulation in the \{S\}outh \{A\}tlantic ocean}},
volume = {26},
year = {1991}
}
@misc{aviso2010,
address = {http://www.aviso.oceanobs.com},
author = {AVISO},
institution = {NRT-Global-MADT},
title = {{Absolute Geostrophic Velocities}},
year = {2010}
}
@phdthesis{garfield1990,
address = {Rhode Island},
author = {Garfield, N},
pages = {121},
school = {University of Rhode Island},
title = {{The Brazil Current at subtropical latitudes}},
year = {1990}
}
@article{Silveira2002,
author = {Silveira, I C A and Flierl, G R},
file = {:home/rsoutelino/rsoutelino/mat\_didatico/papers/silveira\_flierl2002\_jpo.pdf:pdf},
journal = {JPO},
pages = {729--745},
title = {{Eddy Formation in 2Â½-Layer , Quasigeostrophic Jets}},
year = {2002}
}
@article{olson_etal1983,
author = {Olson, D B and Brown, O B and Emmerson, S R},
journal = {J. Geophys. Res.},
pages = {4569--4577},
title = {{Gulf Stream frontal statistics from Florida straits to Cape Hatteras derived from satellite and historical data}},
volume = {88},
year = {1983}
}
@article{james_etal1999,
author = {James, C and Wimbush, M and Ichikawa, H},
journal = {JPO},
pages = {259--272},
title = {{Kuroshio meanders in the East China Sea}},
volume = {29},
year = {1999}
}
@article{Stramma1995,
author = {Stramma, Lothar and Fischer, J\"{u}rgen and Reppin, J\"{o}rg},
doi = {10.1016/0967-0637(95)00014-W},
file = {:home/rsoutelino/rsoutelino/mat\_didatico/papers/stramma\_etal95.pdf:pdf},
issn = {09670637},
journal = {Deep Sea Research Part I: Oceanographic Research Papers},
month = may,
number = {5},
pages = {773--795},
title = {{The North Brazil Undercurrent}},
url = {http://linkinghub.elsevier.com/retrieve/pii/096706379500014W},
volume = {42},
year = {1995}
}
@article{Wilkin2005,
author = {Wilkin, John L and Arango, Hernan G and Haidvogel, Dale B and Lichtenwalner, C Sage and Glenn, Scott M and Hedstro, Katherine S},
doi = {10.1029/2003JC002218},
file = {:home/rsoutelino/rsoutelino/mat\_didatico/papers/wilkin\_etal2005.pdf:pdf},
journal = {System},
pages = {1--13},
title = {{A regional ocean modeling system for the Long-term Ecosystem Observatory}},
volume = {110},
year = {2005}
}
@article{qiu_etal2008,
author = {Qiu, B and Scoot, R B and Chen, S},
doi = {10.1175/2007JPO3856.1},
journal = {J. Phys. Oceanogr.},
month = jul,
number = {7},
pages = {1515--1528},
title = {{Length Scales of Eddy Generation and Nonlinear Evolution of the Seasonally Modulated \{S\}outh \{P\}acific \{S\}ubtropical \{C\}ountercurrent}},
volume = {38},
year = {2008}
}
@anais{silveira_etal2006B,
address = {Honolulu},
author = {Silveira, I C A and Oliveira, E R and Mattos, R A and Fernandes, F P A and Lima, J A M},
booktitle = {Ocean Sciences Meeting 2006},
institution = {AGU/ASLO/IAPSO/TOS},
pages = {OS45N--12},
title = {{Mesoscale Patterns of the Brazil Current between 20\^{}$\backslash$circS and 25.5\^{}$\backslash$circS}},
year = {2006}
}
@article{mahiques_etal2005,
author = {Mahiques, M M and B\'{\i}cego, M C and Silveira, I C A and Sousa, S H M and Louren\c{c}o, R A and Fukamoto, M M},
journal = {Anais Acad. Bras. de Ci\^{e}ncias},
number = {3},
pages = {535--548},
title = {{Modern sedimentation in the Cabo Frio upwelling system, Southeastern Brazilian shelf}},
volume = {73},
year = {2005}
}
@article{she_klinck2000,
author = {She, J and Klinck, J M},
doi = {10.1029/2000JC900126},
journal = {J. Geophys. Res.},
number = {C12},
pages = {28671--28694},
title = {{Flow near submarine canyons driven by constant wind}},
volume = {105},
year = {2000}
}
@article{Schmidt2007,
author = {Schmidt, A C K and Belo, W C B and Silveira, I C A and Lima, J A M},
file = {:home/rsoutelino/rsoutelino/mat\_didatico/papers/schmidt\_etal\_2007.pdf:pdf},
journal = {RBGf},
keywords = {afica para estudos te,ao utilizados na literatura,brazil current,correntes s,etricos de velocidade de,intermediate western boundary current,oceanogr,parametric model},
pages = {75--91},
title = {{Modelo Parametrico Analitico para a estrutura de velocidade do Sistema Corrente do Brasil}},
volume = {25},
year = {2007}
}
@book{pereira2005,
address = {Universidade do Estado do Rio de Janeiro. Rio de Janeiro.},
author = {Pereira, D P C},
edition = {Monografia},
pages = {60},
title = {{Caracteriz\c{c}\~{a}o da estrutura termohalina e de velocidades dos dipolos vorticais da Corrente do Brasil}},
year = {2005}
}
@article{qu_lukas2003,
author = {Qu, T and Lukas, R},
journal = {JPO},
pages = {5--18},
title = {{The bifurcation of the North Equatorial Current in the Pacific}},
volume = {33},
year = {2003}
}
@article{Colberg2007,
author = {Colberg, Frank and Reason, C. J. C.},
doi = {10.1175/JCLI4055.1},
file = {:home/rsoutelino/rsoutelino/mat\_didatico/papers/colbergjclim2007.pdf:pdf},
issn = {0894-8755},
journal = {Journal of Climate},
month = mar,
number = {6},
pages = {1016--1034},
title = {{Ocean Model Diagnosis of Low-Frequency Climate Variability in the South Atlantic Region}},
url = {http://journals.ametsoc.org/doi/abs/10.1175/JCLI4055.1},
volume = {20},
year = {2007}
}
@article{Neto2011,
author = {Neto, Herminio Foloni},
file = {:home/rsoutelino/rsoutelino/mat\_didatico/papers/herminio.pdf:pdf},
title = {{As Massas de Agua sobre o Mar do Jap ao}},
year = {2011}
}
@article{Speich,
author = {Speich, Sabrina and Blanke, Bruno and Cai, Wenju},
file = {:home/rsoutelino/rsoutelino/mat\_didatico/papers/107613\_0\_merged\_1172576576.pdf:pdf},
journal = {Atlantic},
title = {{The Global Ocean Conveyor Belt and the Southern Hemisphere Supergyre}}
}
@article{Oliveira2009,
author = {Oliveira, Leopoldo R. and Piola, Alberto R. and Mata, Mauricio M. and Soares, Ivan D.},
doi = {10.1029/2008JC004900},
file = {:home/rsoutelino/rsoutelino/mat\_didatico/papers/Oliveira et al\_2009.pdf:pdf},
issn = {0148-0227},
journal = {Journal of Geophysical Research},
month = oct,
number = {C10},
pages = {1--12},
title = {{Brazil Current surface circulation and energetics observed from drifting buoys}},
url = {http://www.agu.org/pubs/crossref/2009/2008JC004900.shtml},
volume = {114},
year = {2009}
}
@article{tomczak1999,
author = {Tomczak, M},
journal = {J. Mar. Res.},
number = {2},
pages = {275--303},
title = {{Some historical, theoretical and applied aspects of quantitative water mass analysis}},
volume = {57},
year = {1999}
}
@article{haidvogel_etal2008,
author = {Haidvogel, D B and Arango, H and Budgell, W P and Cornuelle, B D and Curchitser, E and Lorenzo, E Di and Fennel, K and Geyer, W R and Hermann, A J and Lanerolle, L and Levin, J and McWilliams, J C and Miller, A J and Moore, A M and Powell, T M and Shchepetkin, A F and Sherwood, C R and Signell, R P and Warner, J C and Wilkin, J},
doi = {10.1016/j.jcp.2007.06.016},
journal = {J. Comput. Phys.},
number = {7},
pages = {3595--3624},
title = {{Ocean forecasting in terrain-following coordinates: \{F\}ormulation and skill assessment of the \{R\}egional \{O\}cean \{M\}odeling \{S\}ystem}},
volume = {227},
year = {2008}
}
@article{Boyer2005,
author = {Boyer, Timothy and Levitus, Sydney and Garcia, Hernan and Locarnini, Ricardo a. and Stephens, Cathy and Antonov, John},
doi = {10.1002/joc.1173},
file = {:home/rsoutelino/rsoutelino/mat\_didatico/papers/boyer\_etal2005\_ijc.pdf:pdf},
issn = {0899-8418},
journal = {International Journal of Climatology},
keywords = {climatology,ocean temperature,salinity},
month = jun,
number = {7},
pages = {931--945},
title = {{Objective analyses of annual, seasonal, and monthly temperature and salinity for the World Ocean on a 0.25Â° grid}},
url = {http://doi.wiley.com/10.1002/joc.1173},
volume = {25},
year = {2005}
}
@article{VanSebille2007,
author = {van Sebille, Erik and van Leeuwen, Peter Jan},
doi = {10.1175/JPO3108.1},
file = {:home/rsoutelino/rsoutelino/mat\_didatico/papers/vansebille\_vanleeuwen2007jpo.pdf:pdf},
issn = {0022-3670},
journal = {Journal of Physical Oceanography},
month = sep,
number = {9},
pages = {2305--2315},
title = {{Fast Northward Energy Transfer in the Atlantic due to Agulhas Rings}},
url = {http://journals.ametsoc.org/doi/abs/10.1175/JPO3108.1},
volume = {37},
year = {2007}
}
@article{Rodrigues2007,
author = {Rodrigues, Regina R. and Rothstein, Lewis M. and Wimbush, Mark},
doi = {10.1175/JPO2983.1},
file = {:home/rsoutelino/rsoutelino/mat\_didatico/papers/rodrigues\_etal2006.pdf:pdf},
issn = {0022-3670},
journal = {Journal of Physical Oceanography},
month = jan,
number = {1},
pages = {16--30},
title = {{Seasonal Variability of the South Equatorial Current Bifurcation in the Atlantic Ocean: A Numerical Study}},
url = {http://journals.ametsoc.org/doi/abs/10.1175/JPO2983.1},
volume = {37},
year = {2007}
}
@article{gangopadhyay_etal2003,
author = {Gangopadhyay, A and Robinson, A R and Haley, P J and Leslie, W J and Lozano, C J and Bisagni, J and Yu, Z},
doi = {10.1016/S0278-4343(02)00151-6},
journal = {Cont. Shelf Res.},
number = {3-4},
pages = {317--353},
title = {{Feature oriented regional modeling and simulation in the \{G\}ulf of \{M\}aine and \{G\}eorges \{B\}ank}},
volume = {23},
year = {2003}
}
@article{mariano_brown1992,
author = {Mariano, A J and Brown, O B},
journal = {Deep-Sea Res.},
number = {7/8},
pages = {1255--1271},
title = {{Efficient objective analysis of dynamically heterogeneous and nonstationary fields via the parameter matrix}},
volume = {39},
year = {1992}
}
@techreport{webb_etal1998,
author = {Webb, D J and Cuevas, B A and Coward, A C},
institution = {Southampton Oceanographic Centre},
pages = {43p},
title = {{The first main run of the OCCAM global ocean model}},
year = {1998}
}
@techreport{Pereira2009,
author = {Pereira, J and Amorim, F N and Lima, J and Aguiar, A L and Monteiro, I and Costa, W S C and Marta-Almeida, Martinho and Cirano, Mauro},
file = {:home/rsoutelino/rsoutelino/mat\_didatico/papers/RT\_REMO\_UFBA\_ROMS\_2009\_versao2.pdf:pdf},
title = {{Relatorio REMO}},
year = {2009}
}
@article{stramma_schott1999,
author = {Stramma, L and Schott, F},
journal = {Deep-Sea Res.},
number = {1},
pages = {279--303},
title = {{The mean flow field of the tropical \{A\}tlantic \{O\}cean}},
volume = {46},
year = {1999}
}
@article{pollard_read1989,
author = {Pollard, R and Read, J},
doi = {10.1175/1520-0426(1989)006<0859:AMFCSA>2.0.CO;2},
journal = {J. Atmos. Oceanic Technol.},
month = dec,
number = {6},
pages = {859--865},
title = {{A Method for Calibrating Shipmounted Acoustic Doppler Profilers and limitations of Gyro Compasses}},
volume = {6},
year = {1989}
}
@incollection{mello_etal1992,
address = {New York},
author = {Mello, G A and Flood, R D and Orsi, T H and Lowrie, A},
booktitle = {Geologic evolution of Atlantic continental rises, C. W. Poag and P. C. Graciansky (editors)},
pages = {189--213},
publisher = {Van Nostrand Reinhold},
title = {{Southern Brazil Basin: sedimentary processes and features and implications for continental-rise evolution}},
year = {1992}
}
@article{silveira_etal2003,
author = {Silveira, I C A and Calado, L and Francisco, C P F},
journal = {Rev. Bras. Geofis.},
number = {2},
pages = {133--145},
title = {{Instabilidade linear de cisalhamento vertical em jatos geof\'{\i}sicos meridionais}},
volume = {21},
year = {2003}
}
@article{schouten_etal2003,
author = {Schouten, M W and Ruijter, W P M and Leeuwen, P J and Ridderinkhof, H},
doi = {10.1016/S0967-0645(03)00042-0},
journal = {Deep-Sea Res.},
number = {12-13},
pages = {1987--2003},
title = {{Eddies and variability in the \{M\}ozambique \{C\}hannel}},
volume = {50},
year = {2003}
}
@article{hasunuma_yoshida1978,
author = {Hasunuma, K and Yoshida, K},
journal = {J. Oceanogr. Soc. Japan},
number = {4},
pages = {160--172},
title = {{Splitting of the subtropical gyre in the western North Pacific}},
volume = {34},
year = {1978}
}
@article{Calil2010,
author = {Calil, P. H. R. and Richards, K. J.},
doi = {10.1029/2009JC005360},
file = {:home/rsoutelino/rsoutelino/mat\_didatico/papers/calil\_richards2010jgr.pdf:pdf},
issn = {0148-0227},
journal = {Journal of Geophysical Research},
month = feb,
number = {C2},
pages = {1--20},
title = {{Transient upwelling hot spots in the oligotrophic North Pacific}},
url = {http://www.agu.org/pubs/crossref/2010/2009JC005360.shtml},
volume = {115},
year = {2010}
}
@article{Webb,
author = {Webb, David J and Coward, Andrew C},
file = {:home/rsoutelino/rsoutelino/mat\_didatico/papers/webb\_etal1998.pdf:pdf},
number = {34},
title = {{No Title}}
}
@workshop{mattos_etal2003,
address = {S\~{a}o Carlos},
author = {Mattos, R A and Calado, L and Silveira, I C A},
booktitle = {11\^{}$\backslash$circ Simp\'{o}sio Internacional de Inicia\c{c}\~{a}o Cient\'{\i}fica da Universidade de S\~{a}o Paulo},
institution = {Universidade de S\~{a}o Paulo},
title = {{Estrutura vertical do Sistema Corrente do Brasil ao largo de Cabo Frio (23\^{}$\backslash$circS)}},
year = {2003}
}
@article{Amorima,
author = {Amorim, F N and Cirano, M and Soares, I D and Campos, E J D},
file = {:home/rsoutelino/rsoutelino/mat\_didatico/papers/amorim\_etal\_inpress\_jgr.pdf:pdf},
journal = {October},
title = {{The influence of large-scale circulation and transient processes on the seasonal circulation at Eastern Brazilian Shelf , near 13 o S .}}
}
@article{yoshida_kidokoro1967,
author = {Yoshida, K and Kodokoro, T},
journal = {J. Oceanogr. Soc. Jpn.},
month = oct,
number = {5},
pages = {231--246},
title = {{A Subtropical Countercurrent (II) - A prediction of Eastward Flows at Lower Subtropical Latitudes}},
volume = {23},
year = {1967}
}
@article{Hole2004a,
author = {Hole, Woods and Island, Rhode},
file = {:home/rsoutelino/rsoutelino/mat\_didatico/papers/perez-brunius\_etal2004B.pdf:pdf},
journal = {Water},
pages = {2238--2256},
title = {{Transformation of the Warm Waters of the North Atlantic from a Geostrophic Streamfunction Perspective}},
year = {2004}
}
@techreport{Mattos2005,
author = {Mattos, R A},
file = {:home/rsoutelino/rsoutelino/mat\_didatico/papers/relatorio2\_heyjoe\_fapesp.pdf:pdf},
title = {{Relat\'{o}rio Cient\'{\i}fico 2 - Heyjow}},
year = {2005}
}
@article{Mason2010,
author = {Mason, Evan and Molemaker, Jeroen and Shchepetkin, Alexander F. and Colas, Francois and McWilliams, James C. and Sangr\`{a}, Pablo},
doi = {10.1016/j.ocemod.2010.05.007},
file = {:home/rsoutelino/rsoutelino/mat\_didatico/papers/mason\_etal2010\_omInPress.pdf:pdf},
isbn = {3492845452},
issn = {14635003},
journal = {Ocean Modelling},
keywords = {offline grid nesting,open boundary condition,regional ocean model},
number = {1-2},
pages = {1--15},
publisher = {Elsevier Ltd},
title = {{Procedures for offline grid nesting in regional ocean models}},
url = {http://linkinghub.elsevier.com/retrieve/pii/S146350031000082X},
volume = {35},
year = {2010}
}
@article{Peliz2007,
author = {Peliz, Alvaro and Dubert, Jesus and Marchesiello, Patrick and Teles-Machado, Ana},
doi = {10.1029/2007JC004159},
file = {:home/rsoutelino/rsoutelino/mat\_didatico/papers/peliz\_etal2007jgr.pdf:pdf},
issn = {0148-0227},
journal = {Journal of Geophysical Research},
month = nov,
number = {C11},
pages = {1--20},
title = {{Surface circulation in the Gulf of Cadiz: Model and mean flow structure}},
url = {http://www.agu.org/pubs/crossref/2007/2007JC004159.shtml},
volume = {112},
year = {2007}
}
@article{Carter1986,
author = {Carter, E F and Robinson, A R},
file = {:home/rsoutelino/rsoutelino/mat\_didatico/papers/carter\_robinson1987.pdf:pdf},
journal = {JAOT},
title = {{Analysis Models for the Estimation of Oceanic Fields}},
year = {1986}
}
@article{DiLorenzo2009,
author = {{Di Lorenzo}, E. and Fiechter, J. and Schneider, N. and Bracco, a. and Miller, a. J. and Franks, P. J. S. and Bograd, S. J. and Moore, a. M. and Thomas, a. C. and Crawford, W. and Pe\~{n}a, a. and Hermann, a. J.},
doi = {10.1029/2009GL038261},
file = {:home/rsoutelino/rsoutelino/mat\_didatico/papers/dilorenzo\_etal2009grl.pdf:pdf},
issn = {0094-8276},
journal = {Geophysical Research Letters},
month = jul,
number = {14},
pages = {2003--2008},
title = {{Nutrient and salinity decadal variations in the central and eastern North Pacific}},
url = {http://www.agu.org/pubs/crossref/2009/2009GL038261.shtml},
volume = {36},
year = {2009}
}
@article{HAIDVOGEL2008,
author = {HAIDVOGEL, D and ARANGO, H and BUDGELL, W and CORNUELLE, B and CURCHITSER, E and DILORENZO, E and FENNEL, K and GEYER, W and HERMANN, A and LANEROLLE, L},
doi = {10.1016/j.jcp.2007.06.016},
file = {:home/rsoutelino/rsoutelino/mat\_didatico/papers/haidvogel\_etal2008.pdf:pdf},
issn = {00219991},
journal = {Journal of Computational Physics},
keywords = {biogeo-,incompressible navier,regional ocean prediction,sea ice modeling,split-explicit time stepping,stokes equations},
month = mar,
number = {7},
pages = {3595--3624},
title = {{Ocean forecasting in terrain-following coordinates: Formulation and skill assessment of the Regional Ocean Modeling System}},
url = {http://linkinghub.elsevier.com/retrieve/pii/S0021999107002549},
volume = {227},
year = {2008}
}
@article{reid_mantyla1978,
author = {Reid, J L and Mantyla, A W},
journal = {J. Phys. Oceanogr.},
number = {6},
pages = {946--951},
title = {{On the mid-depth circulation of the North Pacific Ocean}},
volume = {8},
year = {1978}
}
@incollection{blumberg_mellor1987,
address = {Washington},
author = {Blumberg, A F and Mellor, G L},
booktitle = {Three-dimensional coastal ocean models, N. S. Heaps (editor)},
pages = {1--16},
publisher = {American Geophysical Union},
title = {{A description of a three-dimensional coastal ocean circulation model}},
year = {1987}
}
@phdthesis{godoi2005,
address = {S\~{a}o Paulo},
author = {Godoi, S S},
pages = {133},
school = {Universidade de S\~{a}o Paulo},
title = {{Din\^{a}mica quase-geostr\'{o}fica do sistema Corrente do Brasil no embanhamento de S\~{a}o Paulo (23,5\^{}$\backslash$circ-27\^{}$\backslash$circS)}},
year = {2005}
}
@mastersthesis{goncalves1993,
address = {S\~{a}o Paulo},
author = {Gon\c{c}alves, J E},
pages = {98},
school = {Universidade de S\~{a}o Paulo},
title = {{Estrutura termohalina, campos de velocidade e transportes geostr\'{o}ficos da Corrente do Brasil entre Rio de Janeiro (RJ) e Iguape (SP)}},
year = {1993}
}
@article{joyce1989,
author = {Joyce, T M},
doi = {10.1175/1520-0426(1989)006<0169:OISOSA>2.0.CO;2},
journal = {J. Atmos. Oceanic Technol.},
month = feb,
number = {1},
pages = {169--172},
title = {{On In Situ ``Calibration'' of Shipboard \{ADCP\}s}},
volume = {6},
year = {1989}
}
@incollection{vianna_menezes2005,
address = {S\~{a}o Paulo},
author = {Vianna, M L and Menezes, V V},
booktitle = {Oceanografia por sat\'{e}lites, R. B. Souza (editor)},
pages = {50--60},
publisher = {Oficina de Textos},
title = {{Circula\c{c}\~{a}o oce\^{a}nica: monitoramento por meio de altimetria multi-sat\'{e}lite}},
year = {2005}
}
@article{Soutelino2011,
author = {Soutelino, R. G. and da Silveira, I. C. a. and Gangopadhyay, A. and Miranda, J. a.},
doi = {10.1029/2010GL046276},
file = {:home/rsoutelino/rsoutelino/mat\_didatico/papers/2010GL046276.pdf:pdf},
issn = {0094-8276},
journal = {Geophysical Research Letters},
month = feb,
number = {3},
pages = {1--5},
title = {{Is the Brazil Current eddy-dominated to the north of 20Â°S?}},
url = {http://www.agu.org/pubs/crossref/2011/2010GL046276.shtml},
volume = {38},
year = {2011}
}
@article{shtokman1943,
author = {Shtokman, V B},
journal = {Problems of Artic},
pages = {32--71},
title = {{Geometrical proprieties of $\theta$âS curves in the mixing of three water masses in a infinite sea}},
volume = {1},
year = {1943}
}
@article{charney1954,
author = {Charney, J G},
journal = {JM},
pages = {135--163},
title = {{The dynamics of long waves in a baroclinic westerly current}},
volume = {4},
year = {1954}
}
@article{sutton_chereskin2002,
author = {Sutton, P J H and Chereskin, T K},
file = {:home/rsoutelino/rsoutelino/mat\_didatico/papers/sutton\_chereskin2002.pdf:pdf},
journal = {NZJMFWR},
pages = {751--762},
title = {{Absolute geostrophic currents in the East Australian Auckland Current region}},
volume = {36},
year = {2002}
}
@article{takeuchi1986,
author = {Takeuchi, K},
doi = {10.1175/1520-0485(1986)016<0919:NSOTSV>2.0.CO;2},
journal = {J. Phys. Oceanogr.},
month = may,
number = {5},
pages = {919--926},
title = {{Numerical Study of the Seasonal Variations of the Subtropical Front and the Subtropical Countercurrent}},
volume = {16},
year = {1986}
}
@article{werner_etal2000,
author = {Werner, T B and Pinto, L P and Dutra, G F and Pereira, P G D},
journal = {Coast. Manage.},
number = {1},
pages = {99--108},
title = {{Abrolhos 2000: Conserving the southern Atlantic's richest coastal biodiversity into the next century}},
volume = {28},
year = {2000}
}
@misc{Cummins1988,
author = {Cummins, P F and Mysak, L A},
file = {:home/rsoutelino/rsoutelino/mat\_didatico/papers/cummins\_mysak1988.pdf:pdf},
title = {{A QG circulation model of the Northeast Pacific. Part I: A preliminary numerical experiment}},
year = {1988}
}
@misc{Cayula1996,
author = {Cayula, J-F. and Cornillon, P},
file = {:home/rsoutelino/rsoutelino/mat\_didatico/papers/cayula\_cornillon1996.pdf:pdf},
title = {{Cloud Detection from a Sequence of SST images}},
year = {1996}
}
@article{Schmid1995,
author = {Schmid, Claudia and Schafer, H and Podest\'{a}, G and Zenk, W},
file = {:home/rsoutelino/rsoutelino/mat\_didatico/papers/schmid\_etal1994jpo.pdf:pdf},
journal = {JPO},
title = {{The Vitoria Eddy and its relation to the Brazil Current}},
year = {1995}
}
@article{cummings_etal1997,
author = {Cummings, J A and Szczechowski, C and Carnes, M},
journal = {Mar. Technol. Soc J.},
number = {6375},
title = {{Global and regional ocean thermal analysis systems}},
volume = {31},
year = {1997}
}
@article{groen1948,
author = {Groen, P},
journal = {J. Mar. Res.},
number = {3},
pages = {313--316},
title = {{Methods for estimating dynamics slopes and currents in shallow water}},
volume = {7},
year = {1948}
}
@article{castro_miranda1998,
author = {Castro, B M and Miranda, L B},
journal = {The Sea},
pages = {209--251},
title = {{Physical oceanography of the western atlantic continental shelf located between 4\^{}$\backslash$circN and 34\^{}$\backslash$circS}},
volume = {11},
year = {1998}
}
@article{Robinson1989,
author = {Robinson, A L L A N R and Spall, Michael A and Walstad, L E O N A R D J and Leslie, Wayne G},
file = {:home/rsoutelino/rsoutelino/mat\_didatico/papers/robinson\_etal1989.pdf:pdf},
journal = {Science},
pages = {301--316},
title = {{Data assimilation and dynamical interpolation in gulfcast experiments}},
volume = {13},
year = {1989}
}
@article{cirano_etal2006,
author = {Cirano, M and Mata, M M and Campos, E J D and Deir\'{o}},
doi = {10.1590/S0102-261X200600020000},
journal = {Rev. Bras. Geofis.},
number = {2},
pages = {209--230},
title = {{A circula\c{c}\~{a}o oce\^{a}nica em larga-escala na regi\~{a}o oeste do \{A\}tl\^{a}ntico \{S\}ul com base no modelo de circula\c{c}\~{a}o global \{OCCAM\}}},
volume = {24},
year = {2006}
}
@article{boebel_etal1999,
author = {B\"{o}ebel, O and Davis, R E and Ollitraut, M and Peterson, R G and Richard, P L and Schmid, C and Zenk, W},
journal = {Geophys. Res. Lett.},
number = {21},
pages = {3329--3332},
title = {{The intermediate depth circulation of the \{W\}estern \{S\}outh \{A\}tlantic}},
volume = {26},
year = {1999}
}
@phdthesis{waterman2009,
address = {Cambridge/Woods Hole, Massachusetts, USA},
author = {Waterman, S N},
pages = {264pp},
school = {MIT-WHOI Joint Program in Physical Oceanography},
title = {{Eddy-mean flow interactions in western boundary current jets}},
year = {2009}
}
@article{mellor_etal1994,
author = {Mellor, G L and Ezer, T and Oey, L.-Y.},
journal = {J. Atmos. Oc. Tech.},
title = {{The pressure gradient counudrum of sigma coordinate ocean models}},
volume = {11},
year = {1994}
}
@article{denbo_allen1984,
author = {Denbo, D W and Allen, J S},
journal = {J. Phys. Oceanogr.},
pages = {35--46},
title = {{Rotary empirical orthogonal functions analysis of currents near the Oregon coast}},
volume = {14},
year = {1984}
}
@article{Munk2004,
author = {Munk, Walter},
file = {:home/rsoutelino/rsoutelino/mat\_didatico/papers/munk2000.pdf:pdf},
pages = {44--50},
title = {{Achievements in Physical Oceanography}},
year = {2004}
}
@article{Stramma1999,
author = {Stramma, L and Schott, F},
doi = {10.1016/S0967-0645(98)00109-X},
file = {:home/rsoutelino/rsoutelino/mat\_didatico/papers/stramma\_schott1999.pdf:pdf},
issn = {09670645},
journal = {Deep Sea Research Part II: Topical Studies in Oceanography},
month = jan,
number = {1-2},
pages = {279--303},
title = {{The mean flow field of the tropical Atlantic Ocean}},
url = {http://linkinghub.elsevier.com/retrieve/pii/S096706459800109X},
volume = {46},
year = {1999}
}
@article{pratt_stern1986,
author = {Pratt, L J and Stern, M E},
doi = {10.1175/1520-0485(1986)016<1101:DOPVFA>2.0.CO;2},
journal = {J. Phys. Oceanogr.},
number = {6},
pages = {1101--1120},
title = {{Dynamics of potential vorticity fronts and eddy detachment}},
url = {http://journals.ametsoc.org/doi/abs/10.1175/1520-0485\%281986\%29016\%3C1101\%3ADOPVFA\%3E2.0.CO\%3B2},
volume = {16},
year = {1986}
}
@article{silva_etal2009,
author = {Silva, M and Araujo, M and Servain, J and Penven, P and Lentini, C A D},
doi = {10.1016/j.ocemod.2009.07.002},
file = {:home/rsoutelino/rsoutelino/mat\_didatico/papers/silva\_etal2009.pdf:pdf},
journal = {Ocean Modell.},
month = jul,
number = {4},
pages = {256--269},
title = {{High-resolution regional ocean dynamics simulation in the southwestern tropical Atlantic}},
volume = {30},
year = {2009}
}
@unpublished{silveira_etal2006A,
annote = {[submetido]},
author = {Silveira, I C A and Lima, J A and Schmidt, A C K and Ceccopieri, W and Sartori, A and Fontes, R F C},
booktitle = {Dynam. Atmos. Oceans},
title = {{Is the meander growth in the Brazil Current system due to baroclinic stability?}},
year = {2006}
}
@article{hansen1970,
author = {Hansen, D V},
journal = {Deep-Sea Res.},
number = {3},
pages = {495--511},
title = {{Gulf Stream meanders between Cape Hatteras and the Grand Banks}},
volume = {17},
year = {1970}
}
@article{memery_etal2000,
author = {M\'{e}mery, L and Arhan, M and Alvarez-Salgado, X A and Messia, M-J. and Mercier, H and Castro, C G and Rios, A F},
file = {:home/rsoutelino/rsoutelino/mat\_didatico/papers/memery\_etal\_2000.pdf:pdf},
journal = {Prog. Oceanogr.},
pages = {69--98},
title = {{The water masses along the western boundary of the south and equatorial Atlantic}},
volume = {47},
year = {2000}
}
@article{Britain1964,
author = {Britain, Great},
file = {:home/rsoutelino/rsoutelino/mat\_didatico/papers/robinson1965.pdf:pdf},
journal = {Transformation},
title = {{A three-dimensional model of inertial currents in a variable-density ocean}},
year = {1964}
}
@article{Malanotte-rizzoli2000,
author = {Malanotte-rizzoli, Paola and Hedstrom, Kate and Arango, Hernan},
file = {:home/rsoutelino/rsoutelino/mat\_didatico/papers/malanote-rizzoli\_etal2000dao.pdf:pdf},
journal = {DAO},
pages = {331--371},
title = {{Water mass pathways between the subtropical and tropical ocean in a climatological simulation of the North Atlantic ocean circulation}},
year = {2000}
}
@article{Lorenzzetti2009,
author = {Lorenzzetti, Jo\~{a}o A. and Stech, Jose L and {Mello Filho}, Wilson L. and Assireu, Arcilan T},
doi = {10.1016/j.csr.2009.07.011},
file = {:home/rsoutelino/rsoutelino/mat\_didatico/papers/lorenzzetti\_etal2009.pdf:pdf},
issn = {02784343},
journal = {Continental Shelf Research},
month = sep,
number = {17},
pages = {2061--2068},
title = {{Satellite observation of Brazil Current inshore thermal front in the SW South Atlantic: Space/time variability and sea surface temperatures}},
url = {http://linkinghub.elsevier.com/retrieve/pii/S0278434309002155},
volume = {29},
year = {2009}
}
@article{miranda_castro1981,
author = {Miranda, L B and Castro, B M},
journal = {Ci\^{e}ncia Interamericana},
number = {1-2},
pages = {44--48},
title = {{Geostrophic flow conditions at 19\^{}\{$\backslash$circ\} \{S\}}},
volume = {22},
year = {1981}
}
@article{Chelton2007,
author = {Chelton, Dudley B. and Schlax, Michael G. and Samelson, Roger M. and de Szoeke, Roland a.},
doi = {10.1029/2007GL030812},
file = {:home/rsoutelino/rsoutelino/mat\_didatico/papers/chelton\_etal2007jgr.pdf:pdf},
issn = {0094-8276},
journal = {Geophysical Research Letters},
month = aug,
number = {15},
pages = {1--5},
title = {{Global observations of large oceanic eddies}},
url = {http://www.agu.org/pubs/crossref/2007/2007GL030812.shtml},
volume = {34},
year = {2007}
}
@mastersthesis{soares2007,
address = {S\~{a}o Paulo},
author = {Soares, S M},
pages = {81},
school = {Universidade de S\~{a}o Paulo},
title = {{Ondas inst\'{a}veis no sistema de correntes de contorno oeste ao largo de Abrolhos}},
year = {2007}
}
@article{Capet2008,
author = {Capet, X. and McWilliams, J. C. and Molemaker, M. J. and Shchepetkin, a. F.},
doi = {10.1175/2007JPO3671.1},
file = {:home/rsoutelino/rsoutelino/mat\_didatico/papers/capet\_etal2008\_jpo.pdf:pdf},
issn = {0022-3670},
journal = {Journal of Physical Oceanography},
month = jan,
number = {1},
pages = {29--43},
title = {{Mesoscale to Submesoscale Transition in the California Current System. Part I: Flow Structure, Eddy Flux, and Observational Tests}},
url = {http://journals.ametsoc.org/doi/abs/10.1175/2007JPO3671.1},
volume = {38},
year = {2008}
}
@article{Delpey2010,
author = {Delpey, Matthias T. and Ardhuin, Fabrice and Collard, Fabrice and Chapron, Bertrand},
doi = {10.1029/2009JC005885},
file = {:home/rsoutelino/rsoutelino/mat\_didatico/papers/delpey\_etal2010jgr.pdf:pdf},
issn = {0148-0227},
journal = {Journal of Geophysical Research},
month = dec,
number = {C12},
pages = {1--13},
title = {{Space-time structure of long ocean swell fields}},
url = {http://www.agu.org/pubs/crossref/2010/2009JC005885.shtml},
volume = {115},
year = {2010}
}
@article{flierl_robinson1976,
author = {Flierl, Glenn R and Robinson, Allan R},
doi = {10.1175/1520-0485(1977)007<0300:XMOTGI>2.0.CO;2},
journal = {Journal Of Physical Oceanography},
month = nov,
number = {2},
pages = {300--302},
title = {{XBT Measurementes on Thermal Gradients in the MODE Eddy}},
volume = {7},
year = {1976}
}
@article{stramma_etal1990,
author = {Stramma, L and Ikeda, Y and Peterson, R G},
doi = {10.1016/0198-0149(90)90083-8},
journal = {Deep-Sea Res. Part A},
number = {12},
pages = {1875--1886},
title = {{Geostrophic transport in the \{B\}razil \{C\}urrent north of 20\^{}$\backslash$circ\{S\}}},
volume = {37},
year = {1990}
}
@article{meacham1991,
author = {Meacham, S P},
journal = {J. Phys. Oceanogr.},
number = {8},
pages = {1139--1170},
title = {{Meander evolution on piecewise-uniform, quasi-geostrophic jets}},
volume = {21},
year = {1991}
}
@article{Pawlowicz2010,
author = {Pawlowicz, Rich},
file = {:home/rsoutelino/rsoutelino/mat\_didatico/papers/TEOS-10\_Primer.pdf:pdf},
journal = {Water},
pages = {1--9},
title = {{What every oceanographer needs to know about TEOS-10}},
year = {2010}
}
@article{Palma2008,
author = {Palma, Elbio D. and Matano, Ricardo P. and Piola, Alberto R.},
doi = {10.1029/2007JC004720},
file = {:home/rsoutelino/rsoutelino/mat\_didatico/papers/palma\_etal2008jgr.pdf:pdf},
issn = {0148-0227},
journal = {Journal of Geophysical Research},
month = nov,
number = {C11},
pages = {1--22},
title = {{A numerical study of the Southwestern Atlantic Shelf circulation: Stratified ocean response to local and offshore forcing}},
url = {http://www.agu.org/pubs/crossref/2008/2007JC004720.shtml},
volume = {113},
year = {2008}
}
@phdthesis{Calado2001,
author = {Calado, Leandro},
file = {:home/rsoutelino/rsoutelino/mat\_didatico/papers/MScLeandro.pdf:pdf},
title = {{Dinamica da formacao dos meandros e vortices da CB ao largo do Sudeste Brasileiro}},
year = {2001}
}
@article{biastoch_krauss1999,
author = {Biastoch, A and Krauss, W},
doi = {10.1175/1520-0485(1999)029<2303:TROMEI>2.0.CO;2},
journal = {J. Phys. Oceanogr.},
number = {9},
pages = {2303--2317},
title = {{The \{R\}ole of \{M\}esoscale \{E\}ddies in the \{S\}ource \{R\}egions of the \{A\}gulhas \{C\}urrent}},
volume = {29},
year = {1999}
}
@article{rodrigues_etal_subm,
author = {Rodrigues, R R and Wimbush, M and Watts, D R and Rothstein, L M and Ollitrault, O},
journal = {J. Mar. Res.},
title = {{South \{A\}tlantic mass transports obtained from subsurface float and hydrographic data}}
}
@article{clarke_etal1980,
author = {Clarke, R Allyn and Hill, Harry W and Reiniger, Robert F and Warren, Bruce A},
doi = {10.1175/1520-0485(1980)010<0025:CSSAEO>2.0.CO;2},
journal = {J. Phys. Oceanogr.},
number = {1},
pages = {25--65},
title = {{Current System South and East of the \{G\}rand \{B\}anks of \{N\}ewfoundland}},
url = {http://journals.ametsoc.org/doi/abs/10.1175/1520-0485\%281980\%29010\%3C0025\%3ACSSAEO\%3E2.0.CO\%3B2},
volume = {10},
year = {1980}
}
@phdthesis{Cerrone2010,
author = {Cerrone, B N},
file = {:home/rsoutelino/rsoutelino/mat\_didatico/papers/MScCerrone2010.pdf:pdf},
title = {{Estatisticas da circulacao do Oceano Atlantico Sudoeste a partir de dados lagrangeanos}},
year = {2010}
}
@unpublished{Shchepetkin2010,
author = {Shchepetkin, Alexander},
file = {:home/rsoutelino/rsoutelino/mat\_didatico/papers/Shchepetkin.pdf:pdf},
number = {April},
pages = {Slide presentation},
title = {{Rethinking mode splitting , splitting in seawater EOS , and how it all comes together}},
year = {2010}
}
@article{Gangopadhyay2002,
author = {Gangopadhyay, Avijit and Robinson, Allan R},
file = {:home/rsoutelino/rsoutelino/mat\_didatico/papers/gangopadhyay\_robinson\_2002.pdf:pdf},
journal = {Dynamics of Atmospheres and Oceans},
keywords = {1,advancement of our accrued,circulation and variability,coastal region,decades,during the last three,feature-oriented regional modeling,introduction and background,knowledge and understanding of,oceanic fronts,oceanographic phenomenology,there has been significant},
pages = {201--232},
title = {{Feature-oriented regional modeling of oceanic fronts}},
volume = {36},
year = {2002}
}
@phdthesis{lima1997,
address = {New South Wales},
author = {Lima, J A M},
pages = {144},
school = {University of New South Wales},
title = {{Oceanic circulation on the Brazil Current shelf break and slope at 22\^{}$\backslash$circS}},
year = {1997}
}
@article{Meredith2004,
author = {Meredith, Michael P.},
doi = {10.1029/2004GL021169},
file = {:home/rsoutelino/rsoutelino/mat\_didatico/papers/2004GL021169\_faraday\_sd2\_sam.pdf:pdf},
issn = {0094-8276},
journal = {Geophysical Research Letters},
number = {21},
pages = {1--5},
title = {{Changes in the ocean transport through Drake Passage during the 1980s and 1990s, forced by changes in the Southern Annular Mode}},
url = {http://www.agu.org/pubs/crossref/2004/2004GL021169.shtml},
volume = {31},
year = {2004}
}
@article{thompson1993,
author = {Thompson, L},
journal = {J. Phys. Oceanogr.},
number = {7},
pages = {1297--1314},
title = {{Two-layer qusi-geostrophic flow over finite isolated topography}},
volume = {23},
year = {1993}
}
@phdthesis{zemba1991,
address = {Massachusetts},
author = {Zemba, J C},
pages = {160},
school = {Massachusetts Institute of Technology and Woods Hole Oceanographic Institution},
title = {{The structure and transport of the Brazil Current between 27\^{}$\backslash$circ and 36\^{}$\backslash$circ South}},
year = {1991}
}
@phdthesis{silva1995,
address = {S\~{a}o Paulo},
author = {Silva, M P},
pages = {135},
school = {Universidade de S\~{a}o Paulo},
title = {{Caracteriza\c{c}\~{a}o f\'{\i}sico-qu\'{\i}mica das massas de \'{a}gua da Bacia de Santos durante o projeto COROAS. Ver\~{a}o e Inverno de 1993}},
year = {1995}
}
@article{arnault1987,
author = {Arnault, S},
journal = {JGR},
month = sep,
pages = {5076--5088},
title = {{Tropical Atlantic geostrophic currents and ship drifts}},
volume = {92},
year = {1987}
}
@article{silveira_etal2000B,
author = {Silveira, I C A and Brown, W S and Flierl, G R},
journal = {J. Geophys. Res.},
number = {C12},
pages = {28559--28583},
title = {{Dynamics of the \{N\}orth \{B\}razil \{C\}urrent retroflection from the \{WESTRAX\} observations}},
volume = {105},
year = {2000}
}
@article{pratt_stern1986,
author = {Pratt, L J and Stern, M E},
doi = {10.1175/1520-0485(1986)016<1101:DOPVFA>2.0.CO;2},
journal = {J. Phys. Oceanogr.},
number = {6},
pages = {1101--1120},
title = {{Dynamics of potential vorticity fronts and eddy detachment}},
url = {http://journals.ametsoc.org/doi/abs/10.1175/1520-0485\%281986\%29016\%3C1101\%3ADOPVFA\%3E2.0.CO\%3B2},
volume = {16},
year = {1986}
}
@book{cushman-roisin1984,
address = {New Jersey},
author = {Cushman-Roisin, B},
pages = {320},
publisher = {Prentice-Hall Inc.},
title = {{Introduction to geophysical fluid dynamics}},
year = {1994}
}
@article{Stramma1999a,
author = {Stramma, L and England, M},
file = {:home/rsoutelino/rsoutelino/mat\_didatico/papers/stramma\_england\_99.pdf:pdf},
journal = {JGR},
title = {{On the water masses and mean circulation of the South Atlantic Ocean}},
year = {1999}
}
@incollection{watts1983,
address = {Berlin Heidelberg},
author = {Watts, D R},
booktitle = {Eddies in marine science, A. R. Robinson (editor)},
pages = {114--144},
publisher = {Springer-Verlag},
title = {{Gulf Stream variability}},
year = {1983}
}
@article{reid_etal1977,
author = {Reid, J L and Nowlin, W D and Patzert, W C},
journal = {J. Phys. Oceanogr.},
number = {1},
pages = {62--91},
title = {{On the characteristics and circulation of the southwestern Atlantic Ocean}},
volume = {7},
year = {1977}
}
@article{silveira_etal2004,
author = {Silveira, I C A and Calado, L and Castro, B M and Cirano, M and Lima, J A M and Mascarenhas, A S},
journal = {Geophys. Res. Lett.},
number = {14},
pages = {L14308},
title = {{On the baroclinic structure of the \{B\}razil \{C\}urrent-\{I\}ntermediate \{W\}estern \{B\}oundary \{C\}urrent \{S\}ystem}},
volume = {31},
year = {2004}
}
@article{Mason2010a,
author = {Mason, Evan and Molemaker, Jeroen and Shchepetkin, Alexander F and Colas, Francois and McWilliams, James C. and Sangr\`{a}, Pablo},
doi = {10.1016/j.ocemod.2010.05.007},
file = {:home/rsoutelino/rsoutelino/mat\_didatico/papers/mason\_etal2010om.pdf:pdf},
issn = {14635003},
journal = {Ocean Modelling},
keywords = {offline grid nesting,open boundary condition,regional ocean model},
number = {1-2},
pages = {1--15},
publisher = {Elsevier Ltd},
title = {{Procedures for offline grid nesting in regional ocean models}},
url = {http://dx.doi.org/10.1016/j.ocemod.2010.05.007 http://linkinghub.elsevier.com/retrieve/pii/S146350031000082X},
volume = {35},
year = {2010}
}
@article{boyer_etal2005,
author = {Boyer, T and Levitus, S and Garcia, H and Locarnini, R A and Stephens, C and Antonov, J},
doi = {10.1002/joc.1173},
file = {:home/rsoutelino/rsoutelino/mat\_didatico/papers/boyer\_etal2005\_ijc.pdf:pdf},
journal = {Int. J. Climatol.},
month = jun,
number = {7},
pages = {931--945},
title = {{Objective analyses of annual, seasonal, and monthly temperature and salinity for the world ocean on a 0.25 degrees grid}},
volume = {25},
year = {2005}
}
@article{Biastoch2009,
abstract = {The transport of warm and salty Indian Ocean waters into the Atlantic Ocean-the Agulhas leakage-has a crucial role in the global oceanic circulation and thus the evolution of future climate. At present these waters provide the main source of heat and salt for the surface branch of the Atlantic meridional overturning circulation (MOC). There is evidence from past glacial-to-interglacial variations in foraminiferal assemblages and model studies that the amount of Agulhas leakage and its corresponding effect on the MOC has been subject to substantial change, potentially linked to latitudinal shifts in the Southern Hemisphere westerlies. A progressive poleward migration of the westerlies has been observed during the past two to three decades and linked to anthropogenic forcing, but because of the sparse observational records it has not been possible to determine whether there has been a concomitant response of Agulhas leakage. Here we present the results of a high-resolution ocean general circulation model to show that the transport of Indian Ocean waters into the South Atlantic via the Agulhas leakage has increased during the past decades in response to the change in wind forcing. The increased leakage has contributed to the observed salinification of South Atlantic thermocline waters. Both model and historic measurements off South America suggest that the additional Indian Ocean waters have begun to invade the North Atlantic, with potential implications for the future evolution of the MOC.},
author = {Biastoch, a and B\"{o}ning, C W and Schwarzkopf, F U and Lutjeharms, J R E},
doi = {10.1038/nature08519},
file = {:home/rsoutelino/rsoutelino/mat\_didatico/papers/biastoch\_etal2009nat.pdf:pdf},
issn = {1476-4687},
journal = {Nature},
keywords = {Africa,Atlantic Ocean,Computer Simulation,Foraminifera,Indian Ocean,Salinity,Seawater,Seawater: analysis,Seawater: chemistry,Temperature,Water Movements,Wind},
month = nov,
number = {7272},
pages = {495--8},
pmid = {19940923},
title = {{Increase in Agulhas leakage due to poleward shift of Southern Hemisphere westerlies.}},
url = {http://www.ncbi.nlm.nih.gov/pubmed/19940923},
volume = {462},
year = {2009}
}
@article{cayula_cornillon1995,
author = {Cayula, J-F. and Cornillon, P},
doi = {10.1175/1520-0426(1995)012<0821:MIEDFS>2.0.CO;2},
journal = {J. Atmos. Oc. Tech.},
number = {4},
pages = {821--829},
title = {{Multi-Image Edge Detection for \{SST\} Images}},
url = {http://journals.ametsoc.org/doi/abs/10.1175/1520-0426\%281995\%29012\%3C0821\%3AMIEDFS\%3E2.0.CO\%3B2},
volume = {12},
year = {1995}
}
@misc{Blumberg1987,
author = {Blumberg, A F and Mellor, G L},
file = {:home/rsoutelino/rsoutelino/mat\_didatico/papers/BlumMel\_1987.pdf:pdf},
title = {{POM Userguide}},
year = {1987}
}
@article{Goes2005,
author = {Goes, Marlos and Molinari, Robert and da Silveira, Ilson and Wainer, Ilana},
doi = {10.1016/j.dsr.2004.10.010},
file = {:home/rsoutelino/rsoutelino/mat\_didatico/papers/goes\_et\_al\_2002.pdf:pdf},
issn = {09670637},
journal = {Deep Sea Research Part I: Oceanographic Research Papers},
keywords = {atlantic ocean,equatorial countercurrents,equatorial undercurrents,potential vorticity,western boundary currents},
month = apr,
number = {4},
pages = {647--667},
title = {{Retroflections of the North Brazil Current during February 2002}},
url = {http://linkinghub.elsevier.com/retrieve/pii/S0967063704002365},
volume = {52},
year = {2005}
}
@article{evans_signorini1985,
author = {Evans, D L and Signorini, S R},
doi = {10.1038/315048a0},
journal = {Nature},
pages = {48--50},
title = {{Vertical structure of the \{B\}razil \{C\}urrent}},
volume = {315},
year = {1985}
}
@anais{schmidt_etal2006,
address = {Honolulu},
author = {Schmidt, A C K and Silveira, I C A and Ceccopieri, W and Sartori-Neto, A and Lima, J M L},
booktitle = {Ocean Sciences Meeting 2006},
institution = {AGU/ASLO/IAPSO/TOS},
pages = {OS25O--13},
title = {{Thermal Front Patterns of the Brazil Current between 20.5\^{}$\backslash$circ and 25.5\^{}$\backslash$circ S}},
year = {2006}
}
@article{Rossi2010,
author = {Rossi, V. and Morel, Y. and Gar\c{c}on, V.},
doi = {10.1016/j.ocemod.2009.10.002},
file = {:home/rsoutelino/rsoutelino/mat\_didatico/papers/rossi\_garcon2010om.pdf:pdf},
issn = {14635003},
journal = {Ocean Modelling},
keywords = {continental shelf dynamics,downwelling,shelf break dynamics,upwelling},
number = {3-4},
pages = {51--79},
publisher = {Elsevier Ltd},
title = {{Effect of the wind on the shelf dynamics: Formation of a secondary upwelling along the continental margin}},
url = {http://linkinghub.elsevier.com/retrieve/pii/S146350030900184X},
volume = {31},
year = {2010}
}
@article{Teles-Machado2007,
author = {Teles-Machado, Ana and Peliz, \'{A}lvaro and Dubert, Jesus and S\'{a}nchez, Ricardo F.},
doi = {10.1029/2007GL030091},
file = {:home/rsoutelino/rsoutelino/mat\_didatico/papers/machado\_etal2007grl.pdf:pdf},
issn = {0094-8276},
journal = {Geophysical Research Letters},
month = jun,
number = {12},
pages = {1--5},
title = {{On the onset of the Gulf of Cadiz Coastal Countercurrent}},
url = {http://www.agu.org/pubs/crossref/2007/2007GL030091.shtml},
volume = {34},
year = {2007}
}
@techreport{a,
title = {{No Title}}
}
@article{stern1985,
author = {Stern, M E},
journal = {J. Phys. Oceanogr.},
number = {10},
pages = {1274--1283},
title = {{Lateral wave breaking and shingle formation in large-scale shear-flow}},
volume = {15},
year = {1985}
}
@mastersthesis{fisher1964,
address = {New York},
author = {Fisher, A},
pages = {86},
school = {New York University},
title = {{The circulation and stratification of the Brazil Current}},
year = {1964}
}
@article{robinson_etal1988,
author = {Robinson, A and Spall, M A and Pinardi, N},
doi = {10.1175/1520-0485(1988)018<1811:GSSATD>2.0.CO;2},
journal = {J. Phys. Oceanogr.},
number = {12},
pages = {1811--1854},
title = {{Gulf \{S\}tream simulations and the dynamics of ring and meander processes}},
volume = {18},
year = {1988}
}
@incollection{richardson1983,
address = {Berlin Heidelberg},
author = {Richardson, P L},
booktitle = {Eddies in marine science, A. R. Robinson (editor)},
pages = {19--45},
publisher = {Springer-Verlag},
title = {{Gulf Stream rings}},
year = {1983}
}
@article{Baker-Yeboah2009,
author = {Baker-Yeboah, Sheekela and Watts, D. Randolph and Byrne, Deirdre a.},
doi = {10.1175/2009JTECHO659.1},
file = {:home/rsoutelino/rsoutelino/mat\_didatico/papers/baker-yeboah\_etal2009.pdf:pdf},
issn = {0739-0572},
journal = {Journal of Atmospheric and Oceanic Technology},
month = dec,
number = {12},
pages = {2593--2609},
title = {{Measurements of Sea Surface Height Variability in the Eastern South Atlantic from Pressure SensorâEquipped Inverted Echo Sounders: Baroclinic and Barotropic Components}},
url = {http://journals.ametsoc.org/doi/abs/10.1175/2009JTECHO659.1},
volume = {26},
year = {2009}
}
@article{mariano1989,
author = {Mariano, A J},
journal = {J. Atmos. Oc. Tech.},
number = {6},
pages = {1013--1023},
title = {{Estimation of mesoscale vertical derivatives of potential temperature and density from hydrographic data}},
volume = {6},
year = {1989}
}
@article{Mahiques2005,
author = {Mahiques, Michel M D E and Silveira, Ilson C A and Sousa, Silvia H M and Fukumoto, Marina M},
file = {:home/rsoutelino/rsoutelino/mat\_didatico/papers/mahiques\_etal2005\_aabc.pdf:pdf},
journal = {Anais Da Academia Brasileira De Ciencias},
keywords = {alkenones,brazil,bulk organic matter,sedimentation,south atlantic,upwelling},
pages = {535--548},
title = {{Modern sedimentation in the Cabo Frio upwelling system ,}},
volume = {77},
year = {2005}
}
@article{tomczak_etal1996,
author = {Tomczak, M and Otto, P and Church, J and {Boland F.}},
pages = {29--30},
title = {{Transport estimates for the East Australian Current from PCM3 mooring array}},
volume = {23},
year = {1996}
}
@phdthesis{castro1985,
address = {Florida},
author = {{Castro B}, M},
pages = {211},
school = {University of Miami},
title = {{Subtidal response to wind forcing in the south Brazil bight during winter}},
year = {1985}
}
@article{baker-yeboah_etal2010,
author = {Baker-Yeboah, S and Flierl, G R and Sutyrin, G G and Zhang, Y},
doi = {10.5194/os-6-143-2010},
journal = {Ocean Sci.},
number = {1},
pages = {143--159},
title = {{Transformation of an \{A\}gulhas eddy near the continental slope}},
url = {http://www.ocean-sci.net/6/143/2010/},
volume = {6},
year = {2010}
}
@workshop{soutelino_etal2007,
address = {Barueri - SP},
author = {Soutelino, R G and Ponsoni, L and Miranda, J A and Nonnato, L V and Silveira, I C A},
booktitle = {I Workshop do Projeto PRO-ABROLHOS},
pages = {A0},
title = {{Cruzeiro PRO-ABROLHOS Hidrografia I2007: Distribui\c{c}\~{o}es horizontais de velocidade observada}},
year = {2007}
}
@article{Silveira2000,
author = {Silveira, I C A and Schmidt, A C K and Campos, E J D and Godoi, S S and Ikeda, Y},
file = {:home/rsoutelino/rsoutelino/mat\_didatico/papers/silveira\_etal2000.pdf:pdf},
journal = {Bolm. Inst. Oceanogr.},
title = {{A Corrente do Brasil ao Largo da Costa Leste brasileira}},
year = {2000}
}
@article{Yamagata1987,
author = {Yamagata, By Toshio and Umatani, Shin-ichiro},
file = {:home/rsoutelino/rsoutelino/mat\_didatico/papers/yamagata\_umatani1987.pdf:pdf},
journal = {Tellus},
pages = {161--169},
title = {{The capture of current meander by coastal geometry with possible application to the Kuroshio Current}},
year = {1987}
}
@article{pratt_stern1986,
author = {Pratt, L J and Stern, M E},
journal = {J. Phys. Oceanogr.},
number = {6},
pages = {1101--1120},
title = {{Dynamics of potential vorticity fronts and eddy detachment}},
volume = {16},
year = {1986}
}
@misc{TheMendeleySupportTeam2011,
abstract = {A quick introduction to Mendeley. Learn how Mendeley creates your personal digital library, how to organize and annotate documents, how to collaborate and share with colleagues, and how to generate citations and bibliographies.},
address = {London},
author = {{The Mendeley Support Team}},
booktitle = {Mendeley Desktop},
file = {:opt/mendeleydesktop/share/doc/mendeleydesktop/FAQ.pdf:pdf},
keywords = {Mendeley,how-to,user manual},
pages = {1--16},
publisher = {Mendeley Ltd.},
title = {{Getting Started with Mendeley}},
url = {http://www.mendeley.com},
year = {2011}
}
@article{dengler_etal2004,
author = {Dengler, M and Schott, F and Eden, C and Brandt, P and Fischer, J and Zantopp, R J},
doi = {10.1038/nature03134},
journal = {Nature},
number = {7020},
pages = {1018--1020},
title = {{Break-up of the \{A\}tlantic deep western boundary current into eddies at 8\^{}$\backslash$circ\{S\}}},
volume = {432},
year = {2004}
}
@article{Kurapov2010,
author = {Kurapov, a. L. and Allen, J. S. and Egbert, G. D.},
doi = {10.1175/2009JPO4183.1},
file = {:home/rsoutelino/rsoutelino/mat\_didatico/papers/kurapov\_etal2010jpo.pdf:pdf},
issn = {0022-3670},
journal = {Journal of Physical Oceanography},
month = apr,
number = {4},
pages = {737--756},
title = {{Combined Effects of Wind-Driven Upwelling and Internal Tide on the Continental Shelf}},
url = {http://journals.ametsoc.org/doi/abs/10.1175/2009JPO4183.1},
volume = {40},
year = {2010}
}
@article{Paula2001,
author = {Paula, Ana Cl\'{a}udia De},
file = {:home/rsoutelino/rsoutelino/mat\_didatico/papers/acdpaula\_sbo2.pdf:pdf},
pages = {19--19},
title = {{A Origem da Corrente do Brasil}},
year = {2001}
}
@phdthesis{schmidt2004,
address = {S\~{a}o Paulo},
author = {Schmidt, A C K},
pages = {201},
school = {Universidade de S\~{a}o Paulo},
title = {{Intera\c{c}\~{a}o margem continental, v\'{o}rtices e jatos geof\'{\i}sicos}},
year = {2004}
}
@article{Mellor1982,
author = {Mellor, G L and Yamada, T},
file = {:home/rsoutelino/rsoutelino/mat\_didatico/papers/MellorYamada\_1982.pdf:pdf},
journal = {Rev. Geophys. Space Phys.},
title = {{Development of a turbulence closure model for gephysical fluid problems}},
year = {1982}
}
@article{baker-yeboah_etal2009,
author = {Baker-Yeboah, Sheekela and Watts, D Randolph and Byrne, Deirdre A},
doi = {10.1175/2009JTECHO659.1},
journal = {J. Atmos. Oceanic Technol.},
number = {12},
pages = {2593--2609},
title = {{Measurements of Sea Surface Height Variability in the Eastern \{S\}outh \{A\}tlantic from Pressure SensorâEquipped Inverted Echo Sounders: Baroclinic and Barotropic Components}},
url = {http://journals.ametsoc.org/doi/abs/10.1175/2009JTECHO659.1},
volume = {26},
year = {2009}
}
@article{Signorini1978,
author = {Signorini, Sergio R},
file = {:home/rsoutelino/rsoutelino/mat\_didatico/papers/signorini1978.pdf:pdf},
journal = {DSR},
title = {{On the circulation and the volume transport of the Brazil Current between}},
volume = {25},
year = {1978}
}
@article{haidvogel_etal2000,
author = {Haidvogel, D B and Arango, H G and Hedstr\"{o}m, K and Beckmann, A and Malanotte-Rizzoli, P and Shchepetkin, A F},
doi = {10.1016/S0377-0265(00)00049-X},
journal = {Dyn. Atmos. Oceans},
number = {3-4},
pages = {239--281},
title = {{Model evaluation experiments in the \{N\}orth \{A\}tlantic basin: simulations in nonlinear terrain-following coordinates}},
volume = {32},
year = {2000}
}
@article{belkin_etal_inprep,
author = {Belkin, I M and Hyde, K J W and O'Reilly, J E and Ducas, T},
journal = {Prog. Oceanogr.},
title = {{Satellite climatologies of chlorophyll and \{SST\} fronts off the \{N\}orth \{A\}merican \{E\}astern \{S\}eaboard.}}
}
@article{Meinen2000,
author = {Meinen, Christopher S and Watts, D Randolph and Clarke, R Allyn},
file = {:home/rsoutelino/rsoutelino/mat\_didatico/papers/meinen\_etal\_1999.pdf:pdf},
journal = {Deep-Sea Research},
keywords = {absolute transport,absolute velocity,acoustic doppler current pro-,adcp,corresponding author,ctd,ler,north atlantic current,oat,pogo transport},
pages = {309--322},
title = {{Absolutely referenced geostrophic velocity and transport on a section across the North Atlantic Current}},
volume = {47},
year = {2000}
}
@article{Ray2011,
author = {Ray, Animesh and York, New and Mccook, B Y Alison and Lenardo, For Michael and Insti-, U S National and States, United and Kingdom, United and Cambridge, N I H Oxford- and Program, Scholars},
file = {:home/rsoutelino/rsoutelino/mat\_didatico/papers/mccook2011nat.pdf:pdf},
title = {{Rethinking PhDs}},
year = {2011}
}
@article{Haidvogel2000,
author = {Haidvogel, Dale B and Arango, Hernan G and Hedstrom, Kate},
file = {:home/rsoutelino/rsoutelino/mat\_didatico/papers/haidvogel\_etal2000.pdf:pdf},
journal = {Dynamics of Atmospheres and Oceans},
pages = {239--281},
title = {{Model evaluation experiments in the North Atlantic Basin : simulations in nonlinear terrain-following coordinates}},
year = {2000}
}
@article{Schott2005,
author = {Schott, F},
file = {:home/rsoutelino/rsoutelino/mat\_didatico/papers/schott\_etal\_2005.pdf:pdf},
journal = {JPO},
pages = {2031--2053},
title = {{The Shallow and Deep Western Boundary Circulation of the South Atlantic at 5 Â° â 11 Â° S}},
year = {2005}
}
@article{Schouten2002a,
author = {Schouten, Mathijs W and Ruijter, Wilhelmus P M De and Leeuwen, Peter Jan Van},
file = {:home/rsoutelino/rsoutelino/mat\_didatico/papers/shouten\_etal2002jgr.pdf:pdf},
journal = {JGR},
number = {August},
title = {{Upstream control of Agulhas Ring shedding}},
volume = {107},
year = {2002}
}
@article{Xue2011,
author = {Xue, Pengfei and Chen, Changsheng and Beardsley, Robert C and Limeburner, Richard},
doi = {10.1029/2010JC006428},
file = {:home/rsoutelino/rsoutelino/mat\_didatico/papers/xue\_etal2011jgr.pdf:pdf},
journal = {Ocean Modelling},
number = {January},
pages = {1--16},
title = {{Observing system simulation experiments with ensemble Kalman filters in Nantucket Sound , Massachusetts}},
volume = {116},
year = {2011}
}
@article{Meunier2010,
author = {Meunier, T. and Rossi, V. and Morel, Y. and Carton, X.},
doi = {10.1016/j.ocemod.2010.08.004},
file = {:home/rsoutelino/rsoutelino/mat\_didatico/papers/meunier\_etal2010om.pdf:pdf},
issn = {14635003},
journal = {Ocean Modelling},
number = {4},
pages = {277--303},
publisher = {Elsevier Ltd},
title = {{Influence of bottom topography on an upwelling current: Generation of long trapped filaments}},
url = {http://linkinghub.elsevier.com/retrieve/pii/S1463500310001277},
volume = {35},
year = {2010}
}
@phdthesis{goncalves2000,
address = {S\~{a}o Paulo},
author = {Gon\c{c}alves, J E},
pages = {133},
school = {Universidade de S\~{a}o Paulo},
title = {{Caracter\'{\i}sticas e circula\c{c}\~{a}o de massas de \'{a}gua no limite oeste do Atl\^{a}ntico Sul entre 20\^{}$\backslash$circ e 30\^{}$\backslash$circS}},
year = {2000}
}
@article{larque_etal1997,
author = {Larqu\'{e}, L and Maamaatauiahutapu, K and Gar\c{c}on, V},
journal = {J. Geophys. Res.},
number = {12},
pages = {12425--12440},
title = {{On the intermediate and deep water flows in the South Atlantic Ocean}},
volume = {102},
year = {1997}
}
@manual{fofonoff_millard1983,
author = {Fofonoff, P and Millard, R C Jr.},
organization = {UNESCO Tech. Pap. in Mar. Sci.},
pages = {53},
title = {{Algorithms for computation of fundamental properties of seawater}},
year = {1983}
}
@article{sandstrom_helland1903,
author = {Sandstr\"{o}m, J W and Helland-Hansen, B},
journal = {Rept. Norwegian Fishery and Marine Investigations},
number = {4},
pages = {72--233},
title = {{\"{U}bber die Berechnung von Meerestr\"{o}mungen}},
volume = {2},
year = {1903}
}
@article{Paiva2000,
author = {Paiva, Alfonso M and Chassignet, Eric P and Mariano, Arthur J},
file = {:home/rsoutelino/rsoutelino/mat\_didatico/papers/paiva\_etal2000dao.pdf:pdf},
journal = {Dynamics of Atmospheres and Oceans},
pages = {209--237},
title = {{Numerical simulations of the North Atlantic subtropical gyre : sensitivity to boundary conditions}},
year = {2000}
}
@article{Racey2001,
author = {Racey, K Aren L T},
file = {:home/rsoutelino/rsoutelino/mat\_didatico/papers/watts\_etal2001.pdf:pdf},
journal = {Current},
pages = {1052--1067},
title = {{Mapping Abyssal Current and Pressure Fields under the Meandering Gulf Stream}},
year = {2001}
}
@article{evans_etal1983,
author = {Evans, D L and Signorini, S R and Miranda, L B},
doi = {10.1175/1520-0485(1983)013<1732:ANOTTO>2.0.CO;2},
journal = {J. Phys. Oceanogr.},
number = {9},
pages = {1732--1738},
title = {{A note on the transport of the \{B\}razil \{C\}urrent}},
volume = {13},
year = {1983}
}
@article{Spadone2009,
author = {Spadone, Aur\'{e}lie and Provost, Christine},
doi = {10.1029/2008JC004882},
file = {:home/rsoutelino/rsoutelino/mat\_didatico/papers/spadone\_provost2008.pdf:pdf},
issn = {0148-0227},
journal = {Journal of Geophysical Research},
month = feb,
number = {C2},
pages = {1--21},
title = {{Variations in the Malvinas Current volume transport since October 1992}},
url = {http://www.agu.org/pubs/crossref/2009/2008JC004882.shtml},
volume = {114},
year = {2009}
}
@book{soutelino2005,
address = {Universidade do Estado do Rio de Janeiro. Rio de Janeiro.},
author = {Soutelino, R G},
edition = {Monografia},
pages = {50},
title = {{Caracteriz\c{c}\~{a}o da estrutura barocl\'{\i}nica do sistema de correntes de contorno oeste ao largo da costa leste brasileira}},
year = {2005}
}
@article{Stramma1991,
author = {Stramma, Lothar},
doi = {10.1357/002224091784995864},
file = {:home/rsoutelino/rsoutelino/mat\_didatico/papers/stramma1991.pdf:pdf},
issn = {00222402},
journal = {Journal of Marine Research},
month = may,
number = {2},
pages = {281--294},
title = {{Geostrophic transport of the South Equatorial Current in the Atlantic}},
url = {http://openurl.ingenta.com/content/xref?genre=article\&issn=0022-2402\&volume=49\&issue=2\&spage=281},
volume = {49},
year = {1991}
}
@article{polvani_etal1989,
author = {Polvani, L M and Zabusky, N J and Flierl, G R},
journal = {J. Fluid. Mech.},
pages = {215--242},
title = {{Two-layer geostrophic vortex dynamics .1. Upper-layer v-states and merger}},
volume = {205},
year = {1989}
}
@article{ikeda1985,
author = {Ikeda, M},
doi = {10.1029/JC090iC05p09108},
journal = {J. Geophys. Res.},
number = {C5},
pages = {9108--9118},
title = {{Wind Effects on a Front Over the Continental Shelf Slope}},
volume = {90},
year = {1958}
}
@article{fu1981,
author = {Fu, L},
journal = {JPO},
pages = {1171--1193},
title = {{The general circulation and meridional heat transport of the subtropical South Atlantic determined by inverse method}},
volume = {11},
year = {1981}
}
@article{Nof2003,
author = {Nof, Doron},
file = {:home/rsoutelino/rsoutelino/mat\_didatico/papers/Piola\_SACOSreport.pdf:pdf},
journal = {Atlantic},
pages = {30--38},
title = {{The South Atlantic contribution to the global thermohaline circulation}},
year = {2003}
}
@article{stern_flierl1987,
author = {{Stern M. E.} and Flierl, G R},
doi = {10.1029/JC092iC10p10733},
journal = {J. Geophys. Res.},
number = {C10},
pages = {10,710--733,744},
title = {{On the Interaction of a Vortex With a Shear Flow}},
volume = {92},
year = {1987}
}
@article{schmitz1995,
author = {Schmitz, W J},
journal = {Rev. Geophys.},
number = {2},
pages = {151--173},
title = {{On the interbasin-scale thermohaline circulation}},
volume = {33},
year = {1995}
}
@article{hurlburt_etal1996,
author = {Hurlburt, H and Wallcraft, A and W., Schmitz Jr. and Hogan, P and Metzger, E},
doi = {10.1029/95JC01674},
journal = {J. Geophys. Res.},
number = {C1},
pages = {941--976},
title = {{Dynamics of the \{K\}uroshio/\{O\}yashio current system using eddy-resolving models of the \{N\}orth \{P\}acific ocean}},
volume = {101},
year = {1992}
}
@article{Peliz2009,
author = {Peliz, Alvaro and Marchesiello, Patrick and Santos, a. Miguel P. and Dubert, Jesus and Teles-Machado, Ana and Marta-Almeida, Martinho and {Le Cann}, Bernard},
doi = {10.1029/2008JC004771},
file = {:home/rsoutelino/rsoutelino/mat\_didatico/papers/peliz\_etal2009jgr.pdf:pdf},
issn = {0148-0227},
journal = {Journal of Geophysical Research},
month = mar,
number = {C3},
pages = {1--16},
title = {{Surface circulation in the Gulf of Cadiz: 2. Inflow-outflow coupling and the Gulf of Cadiz slope current}},
url = {http://www.agu.org/pubs/crossref/2009/2008JC004771.shtml},
volume = {114},
year = {2009}
}
@article{denman_freeland1985,
author = {Denman, K L and Freeland, H J},
journal = {J. Mar. Res.},
number = {3},
pages = {517--539},
title = {{Correlation scales, objective mapping and a statistical test of geostrophy over the continental shelf}},
volume = {43},
year = {1985}
}
@article{robinson_etal1989,
author = {Robinson, A and Spall, M A and Walstad, L J and Leslie, W G},
doi = {10.1016/0377-0265(89)90043-2},
journal = {Dyn. Atmos. Oceans},
number = {3-4},
pages = {301--316},
title = {{Data assimilation and dynamical interpolation in \{G\}ulfcasting experiments}},
volume = {13},
year = {1989}
}
@article{Melsom2009,
author = {Melsom, Arne and Lien, Vidar Suren and Budgell, William Paul},
doi = {10.1007/s10236-009-0222-5},
file = {:home/rsoutelino/rsoutelino/mat\_didatico/papers/melsom\_etal2009od.pdf:pdf},
issn = {1616-7341},
journal = {Ocean Dynamics},
keywords = {barents sea,model validation,ocean modeling,regional climate},
month = sep,
number = {6},
pages = {969--981},
title = {{Using the Regional Ocean Modeling System (ROMS) to improve the ocean circulation from a GCM 20th century simulation}},
url = {http://www.springerlink.com/index/10.1007/s10236-009-0222-5},
volume = {59},
year = {2009}
}
@article{Chaudhuri2009,
author = {Chaudhuri, Ayan H. and Gangopadhyay, Avijit and Bisagni, James J.},
doi = {10.1016/j.csr.2009.01.008},
file = {:home/rsoutelino/rsoutelino/mat\_didatico/papers/chaudhuri\_etal2009.pdf:pdf},
issn = {02784343},
journal = {Continental Shelf Research},
month = apr,
number = {7},
pages = {856--869},
title = {{Interannual variability of Gulf Stream warm-core rings in response to the North Atlantic Oscillation}},
url = {http://linkinghub.elsevier.com/retrieve/pii/S0278434309000399},
volume = {29},
year = {2009}
}
@techreport{Cirano2009,
author = {Cirano, Mauro},
file = {:home/rsoutelino/rsoutelino/mat\_didatico/papers/RT\_REMO\_UFBA\_FURG\_UFRJ\_CHM\_ASSIMILACAO\_2009.pdf:pdf},
pages = {1--43},
title = {{REMO Report}},
year = {2009}
}
@article{Palma1998,
author = {Palma, E D and Matano, Ricardo P},
file = {:home/rsoutelino/rsoutelino/mat\_didatico/papers/palma\_matano1998jgr.pdf:pdf},
journal = {JGR},
pages = {1319--1341},
title = {{On the implementation of passive open boundary conditions for a general circulation model ' The barotropic mode}},
volume = {103},
year = {1998}
}
@article{PENVEN2006,
author = {PENVEN, P and DEBREU, L and MARCHESIELLO, P and MCWILLIAMS, J},
doi = {10.1016/j.ocemod.2005.05.002},
file = {:home/rsoutelino/rsoutelino/mat\_didatico/papers/penven\_etal2006.pdf:pdf},
issn = {14635003},
journal = {Ocean Modelling},
number = {1-2},
pages = {157--187},
title = {{Evaluation and application of the ROMS 1-way embedding procedure to the central california upwelling system}},
url = {http://linkinghub.elsevier.com/retrieve/pii/S1463500305000491},
volume = {12},
year = {2006}
}
@article{signorini1978,
author = {Signorini, S R},
journal = {Deep-Sea Res.},
number = {5},
pages = {481--490},
title = {{On the circulation and the volume transport of the Brazil Current between the Cape of S\~{a}o Tom\'{e} and Guanabara Bay}},
volume = {25},
year = {1978}
}
@article{weatherly1993,
author = {Weatherly, G L},
journal = {Deep-Sea Res.},
number = {4/5},
pages = {939--961},
title = {{On deep-current and hydrographic observations from a mudwave region and elsewhere in the Argentine basin}},
volume = {40},
year = {1993}
}
@article{Stramma2005,
author = {Stramma, L and Rhein, M and Brandt, P and Dengler, M and Boning, C and Walter, M},
doi = {10.1016/j.dsr.2004.07.021},
file = {:home/rsoutelino/rsoutelino/mat\_didatico/papers/stramma\_etal\_2005.pdf:pdf},
issn = {09670637},
journal = {Deep Sea Research Part I: Oceanographic Research Papers},
keywords = {altimeter,numerical model,ocean circulation,water mass spreading,western tropical atlantic},
month = feb,
number = {2},
pages = {221--240},
title = {{Upper ocean circulation in the western tropical Atlantic in boreal fall 2000}},
url = {http://linkinghub.elsevier.com/retrieve/pii/S0967063704001918},
volume = {52},
year = {2005}
}
@article{Amorim2011,
author = {Amorim, F.N. and Cirano, M. and Soares, I.D. and Lentini, C.a.D.},
doi = {10.1016/j.csr.2010.11.011},
file = {:home/rsoutelino/rsoutelino/mat\_didatico/papers/amorim\_et\_al\_2010\_in\_press.pdf:pdf},
issn = {02784343},
journal = {Continental Shelf Research},
keywords = {Seasonal variations,Shelf currents,Tidally driven currents,Western boundary currents,Wind-driven circulation},
month = feb,
number = {2},
pages = {108--119},
publisher = {Elsevier},
title = {{Coastal and shelf circulation in the vicinity of Camamu Bay (14Â°S), Eastern Brazilian Shelf}},
url = {http://linkinghub.elsevier.com/retrieve/pii/S0278434310003626},
volume = {31},
year = {2011}
}
@article{Penven2001,
author = {Penven, P and Lutjeharms, J R E and Marchesiello, P and Roy, C},
file = {:home/rsoutelino/rsoutelino/mat\_didatico/papers/penven\_etal2001grl.pdf:pdf},
journal = {October},
number = {6},
pages = {1055--1058},
title = {{Generation of cyclonic eddies by the Agulhas Current in the lee of the Agulhas Bank}},
volume = {27},
year = {2001}
}
@article{Dengler2004,
abstract = {The existence in the ocean of deep western boundary currents, which connect the high-latitude regions where deep water is formed with upwelling regions as part of the global ocean circulation, was postulated more than 40 years ago. These ocean currents have been found adjacent to the continental slopes of all ocean basins, and have core depths between 1,500 and 4,000 m. In the Atlantic Ocean, the deep western boundary current is estimated to carry (10-40) x 10(6) m3 s(-1) of water, transporting North Atlantic Deep Water--from the overflow regions between Greenland and Scotland and from the Labrador Sea--into the South Atlantic and the Antarctic circumpolar current. Here we present direct velocity and water mass observations obtained in the period 2000 to 2003, as well as results from a numerical ocean circulation model, showing that the Atlantic deep western boundary current breaks up at 8 degrees S. Southward of this latitude, the transport of North Atlantic Deep Water into the South Atlantic Ocean is accomplished by migrating eddies, rather than by a continuous flow. Our model simulation indicates that the deep western boundary current breaks up into eddies at the present intensity of meridional overturning circulation. For weaker overturning, continuation as a stable, laminar boundary flow seems possible.},
author = {Dengler, M and Schott, F a and Eden, C and Brandt, P and Fischer, J and Zantopp, R J},
doi = {10.1038/nature03134},
file = {:home/rsoutelino/rsoutelino/mat\_didatico/papers/dengler\_etal2004.pdf:pdf},
issn = {1476-4687},
journal = {Nature},
month = dec,
number = {7020},
pages = {1018--20},
pmid = {15616560},
title = {{Break-up of the Atlantic deep western boundary current into eddies at 8 degrees S.}},
url = {http://www.ncbi.nlm.nih.gov/pubmed/15616560},
volume = {432},
year = {2004}
}
@article{montgomery1941,
author = {Montgomery, R B},
journal = {J. Mar. Res.},
number = {3},
pages = {198--219},
title = {{Transport of the Florida Current off Habana}},
volume = {4},
year = {1941}
}
@article{silveira_etal1999,
author = {Silveira, I C A and Flierl, G R and Brown, W S},
journal = {J. Phys. Oceanogr.},
number = {2},
pages = {119--144},
title = {{Dynamics of separating western boundary currents}},
volume = {29},
year = {1999}
}
@article{Soutelino2011a,
author = {Soutelino, R G and da Silveira, I. C. A. and Gangopadhyay, A and Miranda, J A},
doi = {10.1029/2010GL046276},
file = {:home/rsoutelino/rsoutelino/mat\_didatico/papers/soutelino\_etal2011grl.pdf:pdf},
issn = {0094-8276},
journal = {Geophysical Research Letters},
month = feb,
number = {3},
pages = {1--5},
title = {{Is the Brazil Current eddy-dominated to the north of 20Â°S?}},
url = {http://www.agu.org/pubs/crossref/2011/2010GL046276.shtml},
volume = {38},
year = {2011}
}
@article{Zhang2011,
author = {Zhang, Dongxiao and Msadek, Rym and McPhaden, Michael J. and Delworth, Tom},
doi = {10.1029/2010JC006812},
file = {:home/rsoutelino/rsoutelino/mat\_didatico/papers/zhang\_etal2011.pdf:pdf},
issn = {0148-0227},
journal = {Journal of Geophysical Research},
month = apr,
number = {C4},
pages = {1--9},
title = {{Multidecadal variability of the North Brazil Current and its connection to the Atlantic meridional overturning circulation}},
url = {http://www.agu.org/pubs/crossref/2011/2010JC006812.shtml},
volume = {116},
year = {2011}
}
@article{Geophysical1992,
author = {Geophysical, Journal O F},
file = {:home/rsoutelino/rsoutelino/mat\_didatico/papers/treguier1992.pdf:pdf},
journal = {Atlantic},
number = {91},
pages = {687--701},
title = {{Kinetic Energy Analysis of an Eddy Resolving , Primitive Equation Model of the North}},
volume = {97},
year = {1992}
}
@article{yoshida_kidokoro1967a,
author = {Yoshida, Y and Kidokoro, T},
journal = {J. Oceanogr. Soc. Japan},
number = {2},
pages = {88--91},
title = {{A Subtropical Counter-current in the North Pacific - An eastward flow near the Subtropical Convergence}},
volume = {23},
year = {1967}
}
@article{lippert_briscoe1990,
author = {Lippert, A and Briscoe, M G},
journal = {J. Phys. Oceanogr.},
pages = {646--656},
title = {{Observations and EOF analysis of low frequency variability in the western part of the Gulf Stream recirculation}},
volume = {20},
year = {1990}
}
@article{Palma2000,
author = {Palma, E D and Matano, R},
file = {:home/rsoutelino/rsoutelino/mat\_didatico/papers/palma\_matano2000jgr.pdf:pdf},
journal = {JGR},
pages = {8605--8627},
title = {{On the implementation of open boundary conditions for a general circulation model: The three-dimensional case}},
volume = {105},
year = {2000}
}
@article{campos_etal1995,
author = {Campos, E J D and Gon\c{c}alves, J E and Ikeda, Y},
journal = {J. Geophys. Res.},
number = {C9},
pages = {18537--18550},
title = {{Water mass structure and geostrophic circulation in the \{S\}outh \{B\}razil \{B\}ight - summer of 1991}},
volume = {100},
year = {1995}
}
@article{yasuda_flierl1997,
author = {Yasuda, I and Flierl, G R},
journal = {Dynam. Atmos. Oceans},
number = {3},
pages = {159--181},
title = {{Two-dimensional asymmetric vortex merger: merger dynamics and critical merger distance}},
volume = {26},
year = {1997}
}
@article{Herzfeld2011,
author = {Herzfeld, M. and Schmidt, M. and Griffies, S.M. and Liang, Z.},
doi = {10.1016/j.ocemod.2010.12.008},
file = {:home/rsoutelino/rsoutelino/mat\_didatico/papers/herzfeld\_etal2011om.pdf:pdf},
issn = {14635003},
journal = {Ocean Modelling},
keywords = {Boundary conditions,Mathematical modelling,Modelling,Open boundary conditions,Radiation conditions},
number = {1-2},
pages = {1--34},
publisher = {Elsevier Ltd},
title = {{Realistic test cases for limited area ocean modelling}},
url = {http://linkinghub.elsevier.com/retrieve/pii/S1463500311000059},
volume = {37},
year = {2011}
}
@article{Vianna2007,
author = {Vianna, Marcio L and Menezes, Viviane V and Chambers, Don P},
doi = {10.1029/2007GL031912},
file = {:home/rsoutelino/rsoutelino/mat\_didatico/papers/vianna\_etal2007.pdf:pdf},
issn = {0094-8276},
journal = {Geophysical Research Letters},
month = dec,
number = {24},
pages = {1--5},
title = {{A high resolution satellite-only GRACE-based mean dynamic topography of the South Atlantic Ocean}},
url = {http://www.agu.org/pubs/crossref/2007/2007GL031912.shtml},
volume = {34},
year = {2007}
}
@incollection{watts1983,
address = {Berlin Heidelberg},
author = {Watts, D R},
booktitle = {Eddies in marine science, A. R. Robinson (editor)},
pages = {114--144},
publisher = {Springer-Verlag},
title = {{Gulf Stream variability}},
year = {1983}
}
@mastersthesis{velhote1998,
address = {S\~{a}o Paulo},
author = {Velhote, D},
pages = {134},
school = {Universidade de S\~{a}o Paulo},
title = {{Modelagem num\'{e}rica da ressurg\^{e}ncia da quebra de plataforma induzida por v\'{o}rtices cicl\^{o}nicos da Corrente do Brasil na Bacia de Santos}},
year = {1998}
}
@article{campos2006,
author = {Campos, E J D},
doi = {10.1029/2006GL026997},
journal = {Geophys. Res. Lett.},
pages = {L22607},
title = {{Equatorward translation of the \{V\}itoria \{E\}ddy in a numerical simulation}},
volume = {33},
year = {2006}
}
@phdthesis{zhang2009,
address = {Cambridge/Woods Hole, Massachusetts, USA},
author = {Zhang, Y},
pages = {222p},
school = {MIT-WHOI Joint Program in Physical Oceanography},
title = {{Slope/shelf Circulation and Cross-slope/shelf Transport out of a bay driven by eddies from the open ocean}},
year = {2009}
}
@article{lermusiaux_robinson2001,
author = {Lermusiaux, P F J and Robinson, A R},
journal = {Deep Sea Res. Part I},
pages = {1953--1997},
title = {{Features of dominant mesoscale variability, circulation patterns and dynamics in the \{S\}trait of \{S\}icily}},
volume = {48},
year = {2001}
}
@article{Greatbatch2010,
author = {Greatbatch, R. J. and Zhai, X. and Claus, M. and Czeschel, L. and Rath, W.},
doi = {10.1029/2010GL045473},
file = {:home/rsoutelino/rsoutelino/mat\_didatico/papers/greatbatch\_etal2010grl.pdf:pdf},
issn = {0094-8276},
journal = {Geophysical Research Letters},
month = dec,
number = {24},
pages = {1--6},
title = {{Transport driven by eddy momentum fluxes in the Gulf Stream Extension region}},
url = {http://www.agu.org/pubs/crossref/2010/2010GL045473.shtml},
volume = {37},
year = {2010}
}
@article{Matano1993,
author = {Matano, Ricardo P and Philander, G H},
file = {:home/rsoutelino/rsoutelino/mat\_didatico/papers/matano\_philander1993jgr.pdf:pdf},
journal = {JGR},
number = {92},
pages = {977--984},
title = {{Heat and Mass Balances of the South Atlantic Ocean Calculated From a Numerical Model Passage has been estimated to be around is 0 . 5 d- : near smoothly}},
volume = {98},
year = {1993}
}
@article{robinson1996,
author = {Robinson, A R},
doi = {10.1016/0012-8252(95)00030-5},
journal = {Earth Sci. Rev.},
number = {1-2},
pages = {3--54},
title = {{Physical processes, field estimation and an approach to interdisciplinary ocean modeling}},
volume = {40},
year = {1996}
}
@article{belkin_etal2010,
author = {Belkin, I M and Hyde, K J W and O'Reilly, J E and Ducas, T},
title = {{Chlorophyll and \{SST\} fronts off the \{U.S.\} \{E\}ast \{C\}oast}}
}
@article{johns1988,
author = {Johns, W E},
journal = {DAO},
pages = {323--350},
title = {{One-dimensional baroclinically unstable wavwa on the Gulf Stream Potencial Vorticity Gradient near Cape Hatteras}},
volume = {11},
year = {1988}
}
@article{zhang_etal2003,
author = {Zhang, D and McPhanden, M J and Johns, Q E},
doi = {10.1175/1520-0485(2003)033<1783:OEFFBT>2.0.CO;2},
journal = {J. Phys. Oceanogr.},
month = aug,
number = {8},
pages = {1783--1797},
title = {{Observational Evidence for Flow between the Sutropical and Tropical \{A\}tlantic: The \{A\}tlantic Subtropical Cells}},
volume = {33},
year = {2003}
}
@article{ezer_mellor1994,
author = {Ezer, T and Mellor, G L},
journal = {J. Geophys. Res.},
number = {14},
pages = {14159--14171},
title = {{Diagnostic and prognostic calculations for the North Atlantic circulation and sea level using a sigma coordinate model}},
volume = {99},
year = {1994}
}
@misc{TheMendeleySupportTeam2011,
abstract = {A quick introduction to Mendeley. Learn how Mendeley creates your personal digital library, how to organize and annotate documents, how to collaborate and share with colleagues, and how to generate citations and bibliographies.},
address = {London},
author = {{The Mendeley Support Team}},
booktitle = {Mendeley Desktop},
file = {:opt/mendeleydesktop/share/doc/mendeleydesktop/FAQ.pdf:pdf},
keywords = {Mendeley,how-to,user manual},
pages = {1--16},
publisher = {Mendeley Ltd.},
title = {{Getting Started with Mendeley}},
url = {http://www.mendeley.com},
year = {2011}
}
@article{olson_etal1988,
author = {Olson, D B and Podesta, G P and Evans, R H and Brown, O B},
journal = {Deep-Sea Res.},
number = {12},
pages = {1971--1990},
title = {{Temporal variations in the separation of Brazil and Malvinas currents}},
volume = {35},
year = {1988}
}
@article{Meirelles2010,
author = {Meirelles, Saulo},
file = {:home/rsoutelino/rsoutelino/mat\_didatico/papers/DissertacaoMSc\_SauloMeirelles2.pdf:pdf},
keywords = {Lama fluida,Ondas superficiais de gravidade,Sedimentos coesivos},
title = {{Atenua\c{c}\~{a}o de ondas superficiais de gravidade sobre fundos lamosos: estudo de caso da Praia do Cassino, RS}},
year = {2010}
}
@article{viana_etal1998,
author = {Viana, A R and Faug\`{e}res, J C and Kowsmann, R O and Lima, J A M and Caddah, L F G and Rizzo, J G},
journal = {Sement. Geol.},
pages = {133--157},
title = {{Hydrology, morphology and sedimentology of the Campos continental margin, offshore Brazil}},
volume = {115},
year = {1998}
}
@article{Biastoch1999,
author = {Biastoch, a. and Reason, C. J. C. and Lutjeharms, J. R. E. and Boebel, O.},
doi = {10.1029/1999GL002349},
file = {:home/rsoutelino/rsoutelino/mat\_didatico/papers/biastoch\_etal1999grl.pdf:pdf},
issn = {0094-8276},
journal = {Geophysical Research Letters},
number = {21},
pages = {3321},
title = {{The importance of flow in the Mozambique Channel to seasonality in the Greater Agulhas Current System}},
url = {http://www.agu.org/pubs/crossref/1999/1999GL002349.shtml},
volume = {26},
year = {1999}
}
@mastersthesis{chen2002,
address = {S\~{a}o Paulo},
author = {Chen, F S},
pages = {88},
school = {Universidade de S\~{a}o Paulo},
title = {{Diagn\'{o}stico das condi\c{c}\~{o}es oceanogr\'{a}ficas na Bacia de Santos com base nos resultados da Comiss\~{a}o Oceano Sudeste I do NOc. Antares}},
year = {2002}
}
@article{Tsujino2010,
author = {Tsujino, Hiroyuki and Nishikawa, Shiro and Sakamoto, Kei and Nakano, Hideyuki and Ishizaki, Hiroshi},
doi = {10.1016/j.ocemod.2010.02.004},
file = {:home/rsoutelino/rsoutelino/mat\_didatico/papers/tsujino\_etal2010om.pdf:pdf},
issn = {14635003},
journal = {Ocean Modelling},
month = jan,
number = {3-4},
pages = {205--223},
publisher = {Elsevier Ltd},
title = {{Mesoscale eddy statistics and implications for parameterization refinements from a diagnosis of a high resolution model of the North Pacific}},
url = {http://dx.doi.org/10.1016/j.ocemod.2010.02.004 http://linkinghub.elsevier.com/retrieve/pii/S1463500310000132},
volume = {33},
year = {2010}
}
@article{rhines_schopp1991,
author = {Rhines, P B and Schopp, R},
journal = {J. Phys. Oceanogr.},
number = {9},
pages = {1438--1469},
title = {{The wind-driven circulation: quasi-geostrophic simulations and theory of nonsymmetric winds}},
volume = {21},
year = {1991}
}
@article{calado_etal2008,
author = {Calado, L and Gangopadhyay, A and Silveira, I C A},
doi = {10.1016/j.ocemod.2008.06.007},
journal = {Ocean Modell.},
number = {1-2},
pages = {48--64},
title = {{Feature-oriented regional modeling and simulations (\{FORMS\}) for the western \{S\}outh \{A\}tlantic: \{S\}outheastern \{B\}razil region}},
volume = {25},
year = {2008}
}
@article{schmid_etal1995,
author = {Schmid, C H and Schafer, H and Podesta, G and Zenk, W},
journal = {J. Phys. Oceanogr.},
number = {11},
pages = {2532--2546},
title = {{The Vit\'{o}ria Eddy and its relation to the Brazil Current}},
volume = {25},
year = {1995}
}
@article{Gangopadhyay1997,
author = {Gangopadhyay, Avijit and Robinson, A R and Arango, H},
file = {:home/rsoutelino/rsoutelino/mat\_didatico/papers/gangopadhyay\_etal1997.pdf:pdf},
journal = {JAOT},
pages = {1314--1332},
title = {{Circulation and Dynamics of the Western North Atlantic . Part I : Multiscale Feature Models}},
year = {1997}
}
@article{memery_etal2000,
author = {M\'{e}mery, L and Arhan, M and Alvarez-Salgado, X A and Messias, M.-J. and Mercier, H and Castro, C G and Rios, A F},
file = {:home/rsoutelino/rsoutelino/mat\_didatico/papers/memery\_etal\_2000.pdf:pdf},
journal = {Prog. Oceanogr.},
number = {1},
pages = {69--98},
title = {{The water masses along the western boundary of the south and equatorial Atlantic}},
volume = {47},
year = {2000}
}
@misc{Silveira,
author = {Silveira, I C A},
booktitle = {Class Notes},
file = {:home/rsoutelino/rsoutelino/mat\_didatico/papers/slides\_ocn\_observacional.pdf:pdf},
title = {{Escalas Temporais dos Movimentos Oce\^{a}nicos}}
}
@article{silveira_etal2008,
author = {Silveira, I C A and Lima, J A M and Schmidt, A C K and Ceccopieri, W and Sartori, A and Franscisco, C P F and Fontes, R F C},
doi = {10.1016/j.dynatmoce.2008.01.002},
journal = {Dyn. Atmos. Oceans},
pages = {187--207},
title = {{Is the meander growth in the \{B\}razil \{C\}urrent system off \{S\}outheast \{B\}razil due to baroclinic instability?}},
volume = {45},
year = {2008}
}
@article{liu2002,
author = {Liu, W T},
doi = {10.1023/A:1015832919110},
journal = {J. Oceanogr.},
month = feb,
number = {1},
pages = {121--136},
title = {{Progress in scatterometer applications}},
volume = {58},
year = {2002}
}
@article{Penven2006,
author = {Penven, P. and Lutjeharms, J. R. E. and Florenchie, P.},
doi = {10.1029/2006GL026854},
file = {:home/rsoutelino/rsoutelino/mat\_didatico/papers/penven\_grl2006.pdf:pdf},
issn = {0094-8276},
journal = {Geophysical Research Letters},
number = {17},
pages = {0--4},
title = {{Madagascar: A pacemaker for the Agulhas Current system?}},
url = {http://www.agu.org/pubs/crossref/2006/2006GL026854.shtml},
volume = {33},
year = {2006}
}
@article{Baker-Yeboah2010,
author = {Baker-Yeboah, Sheekela and Flierl, G R and Sutyrin, G G and Zhang, Y},
file = {:home/rsoutelino/rsoutelino/mat\_didatico/papers/baker-yeboah\_etal2010.pdf:pdf},
journal = {Ocean Sci.},
number = {1992},
pages = {143--159},
title = {{Transformation of an Agulhas eddy near the continental slope}},
year = {2010}
}
@article{stramma1989,
author = {Stramma, L},
journal = {Deep-Sea Res.},
pages = {639--646},
title = {{The Brazil Current transport south of 23\^{}$\backslash$circS}},
volume = {36},
year = {1989}
}
@workshop{ciotti_etal2003,
address = {Niece},
author = {Ciotti, A M and Calado, L and Mattos, R A and {Gaeta S. A. abd Silveira}, I C A},
booktitle = {Workshop on Realtime Observing for Ecosystem Dynamics and Harmful Algal Blooms},
title = {{Eddy activity off Southeast Brazilian coast and its relation to phytoplankton abundance}},
year = {2003}
}
@book{mamayev1975,
address = {Amsterdam},
author = {Mamayev, O I},
pages = {374},
publisher = {Elsevier Scientific Publ.},
title = {{Temperature-salinity analysis of world ocean waters}},
year = {1975}
}
@article{cayula_cornillon1996,
author = {Cayula, J-F. and Cornillon, P},
journal = {Remote Sens. Environ.},
number = {1},
pages = {80--88},
title = {{Cloud detection from a sequence of \{SST\} images}},
volume = {55},
year = {1996}
}
@article{a,
title = {{No Title}}
}
@article{Ubelmann2011,
author = {Ubelmann, Clement and Fu, Lee-Lueng},
doi = {10.1175/2011JPO4507.1},
file = {:home/rsoutelino/rsoutelino/mat\_didatico/papers/ulbelmann\_fu2011jpo\_inpress.pdf:pdf},
issn = {0022-3670},
journal = {Journal of Physical Oceanography},
month = aug,
number = {8},
pages = {1455--1464},
title = {{Vorticity Structures in the Tropical Pacific from a Numerical Simulation}},
url = {http://journals.ametsoc.org/doi/abs/10.1175/2011JPO4507.1},
volume = {41},
year = {2011}
}
@article{Belkin2009,
author = {Belkin, Igor M. and O'Reilly, John E.},
doi = {10.1016/j.jmarsys.2008.11.018},
file = {:home/rsoutelino/rsoutelino/mat\_didatico/papers/belkin\_o-reilly2009.pdf:pdf},
issn = {09247963},
journal = {Journal of Marine Systems},
month = oct,
number = {3},
pages = {319--326},
title = {{An algorithm for oceanic front detection in chlorophyll and SST satellite imagery}},
url = {http://linkinghub.elsevier.com/retrieve/pii/S0924796309000682},
volume = {78},
year = {2009}
}
@incollection{robinson1999,
author = {Robinson, A R},
booktitle = {Coastal Ocean Prediction},
pages = {77--100},
publisher = {Mooers, C.N.K. (Ed.)},
series = {AGU Coastal and Estuarine Studies Series},
title = {{Forecasting and simulating coastal ocean processes and variabilities with the Harvard Ocean Prediction System}},
year = {1996}
}
@article{schmidt_etal2007,
author = {Schmidt, A C K and Belo, W C B and Lima, J A M},
doi = {10.1590/S0102-261X2007000100007},
journal = {Rev. Bras. Geofis.},
number = {1},
pages = {75--91},
title = {{Modelo param\'{e}trico anal$\backslash$'itico para a estrutura de velocidade do sistema \{C\}orrente do Brasil}},
volume = {25},
year = {2007}
}
@article{gordon_greengrove1986,
author = {Gordon, A L and Greengrove, C H},
journal = {Deep-Sea Res.},
number = {5},
pages = {573--585},
title = {{Geostrophic circulation of the \{B\}razil-\{F\}alkland confluence}},
volume = {33},
year = {1986}
}
@anais{silveira_etal2005,
address = {Vit\'{o}ria},
author = {Silveira, I C A and Ribeiro, E O and Lima, J M L and Mattos, R A and Soutelino, R G and Leal, C A},
booktitle = {Anais do II Congresso Brasileiro de Oceanografia},
institution = {Universidade Federal do Esp\'{\i}rito Santos},
pages = {1--3},
title = {{Caracteriza\c{c}\~{a}o oceanogr\'{a}fica da Bacia do Esp\'{\i}rito Santo e da Regi\~{a}o de Abrolhos}},
year = {2005}
}
@article{uda_hasunuma1969,
author = {Uda, M and Hasunuma, K},
journal = {J. Oceanogr. Soc. Japan},
number = {4},
pages = {201--210},
title = {{The eastward Subtropical Countercurrent in the western North Pacific Ocean}},
volume = {25},
year = {1969}
}
@article{Chang2011,
author = {Chang, You-Soon and Rosati, Anthony and Zhang, Shaoqing},
doi = {10.1029/2010JC006386},
file = {:home/rsoutelino/rsoutelino/mat\_didatico/papers/chang\_etal2011jgr.pdf:pdf},
issn = {0148-0227},
journal = {Journal of Geophysical Research},
month = feb,
number = {C2},
title = {{A construction of pseudo salinity profiles for the global ocean: Method and evaluation}},
url = {http://www.agu.org/pubs/crossref/2011/2010JC006386.shtml},
volume = {116},
year = {2011}
}
@book{kundu1990,
address = {California},
author = {Kundu, P K},
pages = {638},
publisher = {Academic Press},
title = {{Fluid Mechanics}},
year = {1990}
}
@article{lorenzzetti_etal2009,
author = {Lorenzzetti, J A and Stech, J L and Filho, Wilson L Mello and Assireu, A T},
doi = {10.1016/j.csr.2009.07.011},
journal = {Cont. Shelf Res.},
number = {17},
pages = {2061--2068},
title = {{Satellite observation of \{B\}razil \{C\}urrent inshore thermal front in the \{SW\} \{S\}outh \{A\}tlantic: \{S\}pace/time variability and sea surface temperatures}},
volume = {29},
year = {2009}
}
@article{wust1936,
author = {W\"{u}st, G},
journal = {Wissenschaftliche Ergebnisse der Deutschen Atlantischen Expedition ``Meteor'' 1925-1927},
number = {1},
pages = {3--107},
title = {{Schichtung und Zirukation des Atlantischen Ozeans: Das Bodenwasser und die gliederung der Atlantischen Tiefsee}},
volume = {VI},
year = {1936}
}
@misc{CastroBMandMiranda1998,
author = {{Castro, B M and Miranda}, LB},
file = {:home/rsoutelino/rsoutelino/mat\_didatico/papers/belmiro\_miranda1998.pdf:pdf},
publisher = {The Sea},
title = {{Physical Oceanography of the western atlantic continental shelf located between 4N and 34S}},
year = {1998}
}
@article{Silveiraa,
author = {Silveira, I C A and Miranda, L B and Brown, W S},
file = {:home/rsoutelino/rsoutelino/mat\_didatico/papers/silveiraetal94.pdf:pdf},
journal = {JGR},
title = {{On the origins of the North Brazil Current}}
}
@article{flierl1999,
author = {Flierl, G R},
journal = {Dynam. Atmos. Oceans},
number = {2-4},
pages = {189--215},
title = {{Thin jet and contour dynamics models of Gulf Stream meandering}},
volume = {29},
year = {1999}
}
@phdthesis{sartori2004,
address = {Vi\c{c}osa},
author = {Sartori-Neto, A},
pages = {212},
school = {Universidade Federal de Vi\c{c}osa},
title = {{An\'{a}lise de imagens termais AVHRR utilizando transformada de Fourier e ondaletas para determina\c{c}\~{a}o de padr\~{o}es em v\'{o}rtices e meandros}},
year = {2004}
}
@article{Meredith2005,
author = {Meredith, Michael P.},
doi = {10.1029/2004GL022086},
file = {:home/rsoutelino/rsoutelino/mat\_didatico/papers/2004GL022086\_acc\_sampling.pdf:pdf},
issn = {0094-8276},
journal = {Geophysical Research Letters},
number = {3},
pages = {1--4},
title = {{On the sampling timescale required to reliably monitor interannual variability in the Antarctic circumpolar transport}},
url = {http://www.agu.org/pubs/crossref/2005/2004GL022086.shtml},
volume = {32},
year = {2005}
}
@article{gangopadhyay_etal1997,
author = {Gangopadhyay, A and Robinson, A R and Arango, H G},
doi = {10.1175/1520-0426(1997)014<1314:CADOTW>2.0.CO;2},
journal = {J. Atmos. Ocean. Tech.},
number = {6},
pages = {1314--1332},
title = {{Circulation and dynamics of the western \{N\}orth \{A\}tlantic. I: Multiscale feature models.}},
volume = {14},
year = {1997}
}
@article{Onken2003,
author = {Onken, Reiner},
doi = {10.1029/2002JC001348},
file = {:home/rsoutelino/rsoutelino/mat\_didatico/papers/onken\_jgr\_2003.pdf:pdf},
issn = {0148-0227},
journal = {Journal of Geophysical Research},
number = {C9},
pages = {1--13},
title = {{Data-driven simulations of synoptic circulation and transports in the Tunisia-Sardinia-Sicily region}},
url = {http://www.agu.org/pubs/crossref/2003/2002JC001348.shtml},
volume = {108},
year = {2003}
}
@article{poole_tomczak1999,
author = {Poole, R and Tomczak, M},
file = {:home/rsoutelino/rsoutelino/mat\_didatico/papers/poole\_tomczak1999dsr.pdf:pdf},
journal = {Deep-Sea Res.},
number = {11},
pages = {1895--1921},
title = {{Optimum multiparameter analysis of the water mass structure in the Atlantic Ocean thermocline}},
volume = {46},
year = {1999}
}
@article{stramma_lutjeharms1997,
author = {Stramma, L and Lutjeharms, J R E},
doi = {10.1029/96JC03455},
journal = {J. Geophys. Res.},
number = {C3},
pages = {5513--5530},
title = {{The flow field of the subtropical gyre of the \{S\}outh \{I\}ndian Ocean}},
volume = {102},
year = {1997}
}
@article{xue_mellor1993,
author = {Xue, H J and Mellor, G},
journal = {J. Phys. Oceanogr.},
number = {11},
pages = {2326--2350},
title = {{Instability of the Gulf-Stream Front in the South-Atlantic Bight}},
volume = {23},
year = {1993}
}
@article{Marchesiello2003,
author = {Marchesiello, Patrick and Mcwilliams, J C and Shchepetkin, A},
file = {:home/rsoutelino/rsoutelino/mat\_didatico/papers/marchesiello\_etal2003.pdf:pdf},
journal = {JPO},
pages = {753--783},
title = {{Equilibrium Structure and Dynamics of the California Current System}},
year = {2003}
}
@article{Biastoch1999a,
author = {Biastoch, Arne and Krauss, W},
file = {:home/rsoutelino/rsoutelino/mat\_didatico/papers/biastoch\_krauss1998jpo.pdf:pdf},
journal = {JPO},
pages = {2303--2317},
title = {{The Role of Mesoscale Eddies in the Source Regions of the Agulhas Current}},
year = {1999}
}
@article{flierl1978,
author = {Flierl, G R},
journal = {Dynam. Atmos. Oceans},
number = {4},
pages = {341--381},
title = {{Models of vertical structure and the calibration of two-layer models}},
volume = {2},
year = {1978}
}
@phdthesis{calado2006,
address = {S\~{a}o Paulo},
author = {Calado, L},
pages = {159},
school = {Universidade de S\~{a}o Paulo},
title = {{Din\^{a}mica da Intera\c{c}\~{a}o da atividade de meso-escala da Corrente do Brasil com o fen\^{o}meno de ressurg\^{e}ncia costeira ao largo de Cabo Frio e Cabo de S\~{a}o Tom\'{e}, RJ}},
year = {2006}
}
@article{calado_etal2010,
author = {Calado, L and Silveira, I C A and Gangopadhyay, A and Castro, B M},
doi = {10.1016/j.csr.2010.03.007},
journal = {Cont. Shelf Res.},
pages = {1181--1188},
title = {{Eddy-induced upwelling off \{C\}ape \{S\}\~{a}o \{T\}om\'{e} (22\^{}$\backslash$circ\{S\}, \{B\}razil)}},
volume = {30},
year = {2010}
}
@phdthesis{wang1992,
address = {Massachusetts},
author = {Wang, X},
pages = {216},
school = {Massachusetts Institute of Technology and Woods Hole Oceanographic Institution},
title = {{Interaction of an eddy with a continental slope}},
year = {1992}
}
@article{Armour2011,
author = {Armour, K. C. and Roe, G. H.},
doi = {10.1029/2010GL045850},
file = {:home/rsoutelino/rsoutelino/mat\_didatico/papers/armour\_roe2011grl.pdf:pdf},
issn = {0094-8276},
journal = {Geophysical Research Letters},
month = jan,
number = {1},
pages = {1--5},
title = {{Climate commitment in an uncertain world}},
url = {http://www.agu.org/pubs/crossref/2011/2010GL045850.shtml},
volume = {38},
year = {2011}
}
@article{belkin_gordon1996,
author = {{Belkin I. M.} and Gordon, A L},
journal = {J. Geophys. Res.},
number = {C2},
pages = {3675--3696},
title = {{Southern \{O\}cean fronts from the \{G\}reenwich meridian to \{T\}asmania}},
volume = {101},
year = {1996}
}
@article{orlanski1976,
author = {Orlanski, I},
doi = {10.1016/0021-9991(76)90023-1},
journal = {J. Comput. Phys.},
number = {3},
pages = {251--269},
title = {{A simple boundary condition for unbounded hyperbolic flows}},
volume = {21},
year = {1976}
}
@article{lumpkin_speer2003,
author = {Lumpkin, R and Speer, K},
journal = {JPO},
pages = {1902--1920},
title = {{Large-scale vertical and horizontal circulation in the North Atlantic Ocean}},
volume = {33},
year = {2003}
}
@article{Calado2010,
author = {Calado, L. and da Silveira, I.C.a. and Gangopadhyay, A. and de Castro, B.M.},
doi = {10.1016/j.csr.2010.03.007},
file = {:home/rsoutelino/rsoutelino/mat\_didatico/papers/calado\_etal2010.pdf:pdf},
issn = {02784343},
journal = {Continental Shelf Research},
month = jun,
number = {10-11},
pages = {1181--1188},
title = {{Eddy-induced upwelling off Cape S\~{a}o Tom\'{e} (22Â°S, Brazil)}},
url = {http://linkinghub.elsevier.com/retrieve/pii/S0278434310000853},
volume = {30},
year = {2010}
}
@article{Lamas2010,
author = {Lamas, Lu\'{\i}sa and Peliz, \'{A}lvaro and Ambar, Isabel and {Barbosa Aguiar}, Ana and Maximenko, Nikolai and Teles-Machado, Ana},
doi = {10.1029/2010GL043339},
file = {:home/rsoutelino/rsoutelino/mat\_didatico/papers/lamas\_etal2010grl.pdf:pdf},
issn = {0094-8276},
journal = {Geophysical Research Letters},
month = jun,
number = {12},
pages = {1--5},
title = {{Evidence of time-mean cyclonic cell southwest of Iberian Peninsula: The Mediterranean Outflow-driven $\beta$ -plume?}},
url = {http://www.agu.org/pubs/crossref/2010/2010GL043339.shtml},
volume = {37},
year = {2010}
}
@article{cummins_mysak1988,
author = {Cummins, P F and Mysak, L A},
doi = {10.1175/1520-0485(1988)018<1261:AQGCMO>2.0.CO;2},
journal = {J. Phys. Oceanogr.},
number = {9},
pages = {1261--1286},
title = {{A Quasi-Geostrophic Circulation Model of the \{N\}ortheast \{P\}acific. \{P\}art \{I\}: A Preliminary Numerical Experiment}},
url = {http://journals.ametsoc.org/doi/abs/10.1175/1520-0485\%281988\%29018\%3C1261\%3AAQGCMO\%3E2.0.CO\%3B2},
volume = {18},
year = {1988}
}
@unpublished{Mattos2006,
author = {Mattos, R A and Lopes, C L and Ponsoni, L and Calado, Leandro and Miranda, L B and Silveira, I C A},
file = {:home/rsoutelino/rsoutelino/mat\_didatico/papers/ramattos\_sbo2.pdf:pdf},
pages = {100--100},
title = {{Poster R. Mattos}},
year = {2006}
}
@article{rodrigues_etal2007,
author = {Rodrigues, R R and Rothstein, L M and Wimbush, M},
doi = {10.1175/JPO2983.1},
journal = {J. Phys. Oceanogr.},
month = may,
number = {1},
pages = {16--30},
title = {{Seasonal Variability of the \{S\}outh \{E\}quatorial \{C\}urrent Bifurcation in the \{A\}tlantic Ocean: A Numerical Study}},
volume = {37},
year = {2007}
}
@article{VanSebille2009,
author = {van Sebille, E. and Biastoch, A and van Leeuwen, P. J. and de Ruijter, W. P. M.},
doi = {10.1029/2008GL036614},
file = {:home/rsoutelino/rsoutelino/mat\_didatico/papers/vansebille\_etal2009grl.pdf:pdf},
issn = {0094-8276},
journal = {Geophysical Research Letters},
month = feb,
number = {3},
pages = {10--13},
title = {{A weaker Agulhas Current leads to more Agulhas leakage}},
url = {http://www.agu.org/pubs/crossref/2009/2008GL036614.shtml},
volume = {36},
year = {2009}
}
@article{Calado2008,
author = {Calado, L and Gangopadhyay, a and Dasilveira, I},
doi = {10.1016/j.ocemod.2008.06.007},
file = {:home/rsoutelino/rsoutelino/mat\_didatico/papers/calado\_etal2008.pdf:pdf},
issn = {14635003},
journal = {Ocean Modelling},
number = {1-2},
pages = {48--64},
title = {{Feature-oriented regional modeling and simulations (FORMS) for the western South Atlantic: Southeastern Brazil region}},
url = {http://linkinghub.elsevier.com/retrieve/pii/S1463500308000875},
volume = {25},
year = {2008}
}
@article{tapley_etal2004,
author = {Tapley, B D and Bettadpur, S and Watkins, M and Reigber, C},
journal = {Geophys. Res. Lett.},
number = {9},
pages = {L09607},
title = {{The gravity recovery and climate experiment: Mission overview and early results}},
volume = {31},
year = {2004}
}
@article{phillips1954,
author = {Phillips, N A},
journal = {Tellus},
number = {1},
pages = {273--286},
title = {{Energy transformations and meridional circulations associated with simple barolcinic waves in a two-layer, quasi-geostrophic model}},
volume = {6},
year = {1954}
}
@article{allen_etal1995,
author = {Allen, J S and Newberger, P A and Frederiuk, J},
journal = {J. Phys. Oceanogr.},
pages = {1843--1866},
title = {{Upwelling circulation on the Oregon continental shelf. Part I: Response to idealized forcing}},
volume = {25},
year = {1995}
}
@techreport{MB2005,
author = {MB},
file = {:home/rsoutelino/rsoutelino/mat\_didatico/papers/relatorio\_OCEII.pdf:pdf},
title = {{Relatorio Oceano Leste II}},
year = {2005}
}
@article{Centre2000,
author = {Centre, Southampton Oceanography and Kingdom, United},
file = {:home/rsoutelino/rsoutelino/mat\_didatico/papers/webb2000.pdf:pdf},
journal = {Society},
pages = {706--720},
title = {{Evidence for Shallow Zonal Jets in the South Equatorial Current Region of the Southwest Pacific}},
year = {2000}
}
@article{Lynch2001,
author = {Lynch, Daniel R and Mcgillicuddy, Dennis J},
file = {:home/rsoutelino/rsoutelino/mat\_didatico/papers/Lynch.pdf:pdf},
journal = {Continental Shelf Research},
keywords = {finite element,gauss,markov estimation,statistical interpolation},
pages = {1299--1315},
title = {{Objective analysis for coastal regimes}},
volume = {21},
year = {2001}
}
@article{Gangopadhyay2002a,
author = {Gangopadhyay, Avijit and Robinson, Allan R},
file = {:home/rsoutelino/rsoutelino/mat\_didatico/papers/gangopadhyay\_robinson2002.pdf:pdf},
journal = {Dynamics of Atmospheres and Oceans},
keywords = {1,advancement of our accrued,circulation and variability,coastal region,decades,during the last three,feature-oriented regional modeling,introduction and background,knowledge and understanding of,oceanic fronts,oceanographic phenomenology,there has been significant},
pages = {201--232},
title = {{Feature-oriented regional modeling of oceanic fronts}},
volume = {36},
year = {2002}
}
@phdthesis{kampel2003,
address = {S\~{a}o Paulo},
author = {Kampel, M},
pages = {286},
school = {Universidade de S\~{a}o Paulo},
title = {{Estimativa da produ\c{c}\~{a}o prim\'{a}ria e biomassa fitoplanct\^{o}nica atrav\'{e}s do sensoriamento remoto da cor do oceano e de dados in situ na costa sudeste brasileiro}},
year = {2003}
}
@article{stommel1948,
author = {Stommel, H},
journal = {TAGU},
pages = {202--206},
title = {{The westward intensification of wind-driven ocean currents}},
volume = {29},
year = {1948}
}
@article{pickard_lindstrom1993,
author = {Pickard, R S and Lindstrom, S S},
journal = {JAOT},
month = sep,
pages = {814--824},
title = {{A Comparisom of Techniques for Referencing Geostrophic Velocities}},
volume = {11},
year = {1993}
}
@mastersthesis{calado2001,
address = {S\~{a}o Paulo},
author = {Calado, L},
pages = {95},
school = {Universidade de S\~{a}o Paulo},
title = {{Din\^{a}mica da forma\c{c}\~{a}o dos meandros e v\'{o}rtices da Corrente do Brasil ao largo do sudeste brasileiro}},
year = {2001}
}
@article{Schmid2000,
author = {Schmid, Claudia and Siedler, Gerold and Zenk, W},
file = {:home/rsoutelino/rsoutelino/mat\_didatico/papers/schmid\_etal\_2000.pdf:pdf},
journal = {JPO},
pages = {3191--3211},
title = {{Dynamics of Intermediate Water Circulation in the Subtropical South Atlantic *}},
year = {2000}
}
@article{silveira_etal1994,
author = {Silveira, I C A and Miranda, L B and Brown, W S},
journal = {J. Geophys. Res.},
number = {C11},
pages = {22501--22512},
title = {{On the origins of the \{N\}orth \{B\}razil \{C\}urrent}},
volume = {99},
year = {1994}
}
@article{stramma1991,
author = {Stramma, L},
doi = {10.1357/002224091784995864},
journal = {J. Mar. Res.},
month = may,
number = {2},
pages = {281--294},
title = {{Geostrophic Transport of the \{S\}outh \{E\}quatorial \{C\}urrent in the \{A\}tlantic}},
volume = {49},
year = {1991}
}
@phdthesis{Pires2005,
author = {Pires, Filipe and Fernandes, Alvarenga},
file = {:home/rsoutelino/rsoutelino/mat\_didatico/papers/MScFilipe.pdf:pdf},
title = {{Modelos Te Â´ oricos Param Â´ etricos do Sistema Corrente do Brasil Modelos Te Â´ etricos da Corrente do Brasil}},
year = {2005}
}
@article{Palma2009,
author = {Palma, Elbio D. and Matano, Ricardo P.},
doi = {10.1016/j.csr.2009.04.002},
file = {:home/rsoutelino/rsoutelino/mat\_didatico/papers/palma\_matano2009.pdf:pdf},
issn = {02784343},
journal = {Continental Shelf Research},
keywords = {shelf-break upwelling},
month = jun,
number = {11-12},
pages = {1525--1534},
title = {{Disentangling the upwelling mechanisms of the South Brazil Bight}},
url = {http://linkinghub.elsevier.com/retrieve/pii/S0278434309001344},
volume = {29},
year = {2009}
}
@article{Chelton1998,
author = {Chelton, Dudley B and Schlax, Michael G},
file = {:home/rsoutelino/rsoutelino/mat\_didatico/papers/chelton\_etal1998.pdf:pdf},
journal = {JPO},
number = {1984},
title = {{Geographical Variability of the First Baroclinic Rossby Radius of Deformation}},
year = {1998}
}
@article{provost_etal1995,
author = {Provost, C and Gana, s. and Gar\c{c}on, V and Maamaatauiahutapu, K and England, M},
journal = {J. Geophys. Res.},
pages = {10665--10678},
title = {{Hydrographic conditions in the Brazil-Malvianas confluence during austral summer 1990}},
volume = {100},
year = {1995}
}
@article{marchesiello_etal2001,
author = {Marchesiello, P and McWilliams, J C and Shchepetkin, A},
doi = {10.1016/S1463-5003(00)00013-5},
file = {:home/rsoutelino/rsoutelino/mat\_didatico/papers/marchesiello\_etal2001.pdf:pdf},
journal = {Ocean Modell.},
number = {1-2},
pages = {1--20},
title = {{Open boundary conditions for long-term integration of regional oceanic models}},
volume = {3},
year = {2001}
}
@article{Mellor2004,
author = {Mellor, George L},
file = {:home/rsoutelino/rsoutelino/mat\_didatico/papers/pom\_usersguide.pdf:pdf},
journal = {Ocean Modelling},
number = {June},
title = {{USERS GUIDE for OCEAN MODEL}},
year = {2004}
}
@incollection{leao_etal2003,
address = {Amsterdam},
author = {Le\~{a}o, Z M A N and Kikuchi, R K and Testa, V},
booktitle = {Latin american coral reefs, J. Cort\'{e}z (editor)},
edition = {1\^{}a},
publisher = {Elsevier Science CO.},
title = {{Corals and coral reefs of Brazil}},
year = {2003}
}
@article{tomczak1981,
author = {Tomczak, M},
journal = {Prog. Oceanogr.},
number = {3},
pages = {147--171},
title = {{A multiparameter extension of temperatura/salinity diagram techniques for the analysis of non-isopycnal mixing.}},
volume = {10},
year = {1981}
}
@article{Boebel1999,
author = {Boebel, O and Schmid, C and Zenk, W},
doi = {10.1016/S0967-0645(98)00104-0},
file = {:home/rsoutelino/rsoutelino/mat\_didatico/papers/boebel\_etal99.pdf:pdf},
issn = {09670645},
journal = {Deep Sea Research Part II: Topical Studies in Oceanography},
month = jan,
number = {1-2},
pages = {355--392},
title = {{Kinematic elements of Antarctic Intermediate Water in the western South Atlantic}},
url = {http://linkinghub.elsevier.com/retrieve/pii/S0967064598001040},
volume = {46},
year = {1999}
}
@article{schmid_etal1995,
author = {Schmid, C and Sch\"{a}fer, H and Podest\'{a}, G and Zenk, W},
journal = {J. Phys. Oceanogr.},
pages = {2532},
title = {{The \{V\}it\'{o}ria \{E\}ddy and its relation to the \{B\}razil \{C\}urrent}},
volume = {25},
year = {1995}
}
@article{Miller2007,
author = {Miller, Arthur J. and Neilson, Douglas J. and Luther, Douglas S. and Hendershott, Myrl C. and Cornuelle, Bruce D. and Worcester, Peter F. and Dzieciuch, Matthew a. and Dushaw, Brian D. and Howe, Bruce M. and Levin, Julia C. and Arango, Hernan G. and Haidvogel, Dale B.},
doi = {10.1029/2007GL031937},
file = {:home/rsoutelino/rsoutelino/mat\_didatico/papers/miller\_etal2008grl.pdf:pdf},
issn = {0094-8276},
journal = {Geophysical Research Letters},
month = dec,
number = {23},
pages = {1--6},
title = {{Barotropic Rossby wave radiation from a model Gulf Stream}},
url = {http://www.agu.org/pubs/crossref/2007/2007GL031937.shtml},
volume = {34},
year = {2007}
}
@article{Schouten2002,
author = {Schouten, M W and Ruijter, W P M De and Leeuwen, P J Van and Dijkstra, H A and Nin, El},
file = {:home/rsoutelino/rsoutelino/mat\_didatico/papers/shouten\_etal2002grl.pdf:pdf},
number = {16},
pages = {2--5},
title = {{An oceanic teleconnection between the equatorial and southern Indian Ocean}},
volume = {29},
year = {2002}
}
@mastersthesis{freitas2003,
address = {Rio Grande do Sul},
author = {Freitas, A C N},
pages = {124},
school = {Funda\c{c}\~{a}o Universidade Federal do Rio Grande},
title = {{A estrutura vertical do sistema de Correntes de Contorno Oeste ao sul da bifurca\c{c}\~{a}o de Santos}},
year = {2003}
}
@article{stramma_england1999,
author = {Stramma, L and England, M},
journal = {J. Geophys. Res.},
number = {C9},
pages = {20863--20883},
title = {{On the water masses and mean circulation of the \{S\}outh \{A\}tlantic \{O\}cean}},
volume = {104},
year = {1999}
}
@article{fox_etal1992,
author = {Fox, D N and Carnes, M R and Mitchell, J},
number = {1},
pages = {49--53},
title = {{Characterizing major frontal systems, a nowcast/forecast system for \{N\}orthwest \{A\}tlantic}},
volume = {5},
year = {1992}
}
@article{qiu_chen2004,
author = {Qiu, B and Chen, S},
doi = {10.1175/1520-0485(2004)034<1515:SMITEF>2.0.CO;2},
journal = {J. Phys. Oceanogr.},
month = jul,
number = {7},
pages = {1515--1527},
title = {{Seasonal Modulations in the Eddy Field of the \{S\}outh \{P\}acific \{O\}cean}},
volume = {34},
year = {2004}
}
@article{mahiques_etal2004,
author = {Mahiques, M M and Tessler, M G and Ciotti, A M and Silveira, I C A and Sousa, S H M and {Figureira R. L.}, Tassinari C C G and Furtado, V V and Passos, R F},
journal = {Cont. Shelf Res.},
pages = {1685--1697},
title = {{Hydrodynamically driven patterns of modern sedimentation in the shelf and upper slope off Southeast Brazil}},
volume = {24},
year = {2004}
}
@article{Demahiques2004,
author = {Demahiques, M and Tessler, M and Mariaciotti, a and Dasilveira, I and Esousa, S and Figueira, R and Tassinari, C and Furtado, V and Passos, R},
doi = {10.1016/j.csr.2004.05.013},
file = {:home/rsoutelino/rsoutelino/mat\_didatico/papers/mahiquesetal2004.pdf:pdf},
issn = {02784343},
journal = {Continental Shelf Research},
keywords = {brazil,brazil current,ocean circulation,sediment distribution,sediment transport,shelf dynamics,south atlantic},
month = oct,
number = {15},
pages = {1685--1697},
title = {{Hydrodynamically driven patterns of recent sedimentation in the shelf and upper slope off Southeast Brazil}},
url = {http://linkinghub.elsevier.com/retrieve/pii/S0278434304001438},
volume = {24},
year = {2004}
}
@book{levitus1982,
address = {New Jersey},
author = {Levitus, S},
pages = {173},
publisher = {NOAA/ERL GFDL Professional Paper 13},
title = {{Climatological atlas of the World Ocean}},
year = {1982}
}
@misc{Chereskin1991,
author = {Chereskin, T K and Roemmich, D},
file = {:home/rsoutelino/rsoutelino/mat\_didatico/papers/chereski\_roemmich1991.pdf:pdf},
title = {{A Comparison of measured and wind-derived Ekman transport at 11 N in the Atlantic Ocean}},
year = {1991}
}
@article{Adcroft2010,
author = {Adcroft, Alistair and Hallberg, Robert and Dunne, John P. and Samuels, Bonita L. and Galt, J. a. and Barker, Christopher H. and Payton, Debra},
doi = {10.1029/2010GL044689},
file = {:home/rsoutelino/rsoutelino/mat\_didatico/papers/adcroft\_etal2010grl.pdf:pdf},
issn = {0094-8276},
journal = {Geophysical Research Letters},
month = sep,
number = {18},
pages = {1--5},
title = {{Simulations of underwater plumes of dissolved oil in the Gulf of Mexico}},
url = {http://www.agu.org/pubs/crossref/2010/2010GL044689.shtml},
volume = {37},
year = {2010}
}
@article{Sara2004,
author = {Sara, Danielle and Alves, Correia},
file = {:home/rsoutelino/rsoutelino/mat\_didatico/papers/monografia\_Daniellealves.pdf:pdf},
journal = {Atlantic},
title = {{Caracteriza\c{c}\~{a}o termohalina da regi\~{a}o norte do brasil}},
year = {2004}
}
@article{Cayula1992,
author = {Cayula, J-F and Cornillon, P},
file = {:home/rsoutelino/rsoutelino/mat\_didatico/papers/cayula\_cornillon1991.pdf:pdf},
journal = {JAOT},
title = {{Edge Detection Algorithm for SST images}},
year = {1992}
}
@article{harper2000,
author = {Harper, S},
journal = {Tellus},
month = sep,
number = {A},
pages = {330--345},
title = {{Termocline ventilation and pathways of tropical-subtropical water mass exchange}},
volume = {52},
year = {2000}
}
@article{Hwang2004,
author = {Hwang, Cheinway},
doi = {10.1029/2003JC002026},
file = {:home/rsoutelino/rsoutelino/mat\_didatico/papers/hwang\_etal2004jgr.pdf:pdf},
issn = {0148-0227},
journal = {Journal of Geophysical Research},
number = {C8},
pages = {1--17},
title = {{TOPEX/Poseidon observations of mesoscale eddies over the Subtropical Countercurrent: Kinematic characteristics of an anticyclonic eddy and a cyclonic eddy}},
url = {http://www.agu.org/pubs/crossref/2004/2003JC002026.shtml},
volume = {109},
year = {2004}
}
@article{yoshida_kidokoro1967b,
author = {Yoshida, Y and Kidokoro, T},
journal = {J. Oceanogr. Soc. Japan},
number = {5},
pages = {231--246},
title = {{A Subtropical Countercurrent (II) - A prediction of eastward flows at lower subtropical latitudes}},
volume = {23},
year = {1967}
}
@article{Vianna2011,
author = {Vianna, M L and Menezes, V V},
doi = {10.1029/2010JC006574},
file = {:home/rsoutelino/rsoutelino/mat\_didatico/papers/vianna\_menezes2010jgr.pdf:pdf},
issn = {0148-0227},
journal = {Journal of Geophysical Research},
month = mar,
number = {C3},
pages = {1--21},
title = {{Double-celled subtropical gyre in the South Atlantic Ocean: Means, trends, and interannual changes}},
url = {http://www.agu.org/pubs/crossref/2011/2010JC006574.shtml},
volume = {116},
year = {2011}
}
@article{Poole1999,
author = {Poole, Robert and Tomczak, Matthias},
file = {:home/rsoutelino/rsoutelino/mat\_didatico/papers/poole\_tomczak1999dsr.pdf:pdf},
isbn = {6182012676},
journal = {Deep-Sea Research},
pages = {1895--1921},
title = {{Optimum multiparameter analysis of the water mass structure in the Atlantic Ocean thermocline}},
volume = {46},
year = {1999}
}
@article{VanSebille2010,
author = {van Sebille, Erik and van Leeuwen, Peter Jan and Biastoch, Arne and de Ruijter, Wilhelmus P.M.},
doi = {10.1016/j.dsr.2009.12.006},
file = {:home/rsoutelino/rsoutelino/mat\_didatico/papers/vansebille\_etal2010dsr.pdf:pdf},
issn = {09670637},
journal = {Deep Sea Research Part I: Oceanographic Research Papers},
keywords = {Agulhas leakage,Eddy formation,Interocean exchange,Model validation,Mooring array design,Numerical lagrangian drifters},
month = mar,
number = {3},
pages = {319--327},
publisher = {Elsevier},
title = {{Flux comparison of Eulerian and Lagrangian estimates of Agulhas leakage: A case study using a numerical model}},
url = {http://dx.doi.org/10.1016/j.dsr.2009.12.006 http://linkinghub.elsevier.com/retrieve/pii/S0967063710000051},
volume = {57},
year = {2010}
}
@article{Warner2008,
author = {Warner, John C and Sherwood, Christopher R and Signell, Richard P and Harris, Courtney K. and Arango, Hernan G},
doi = {10.1016/j.cageo.2008.02.012},
file = {:home/rsoutelino/rsoutelino/mat\_didatico/papers/warner\_etal2008.pdf:pdf},
issn = {00983004},
journal = {Computers \& Geosciences},
keywords = {model coupling,nearshore modeling,sediment transport,three-dimensional numerical model},
month = oct,
number = {10},
pages = {1284--1306},
title = {{Development of a three-dimensional, regional, coupled wave, current, and sediment-transport modelâ}},
url = {http://linkinghub.elsevier.com/retrieve/pii/S0098300408000563},
volume = {34},
year = {2008}
}
@article{belkin_o-reilly2009,
author = {Belkin, I M and O'Reilly, J E},
doi = {10.1016/j.jmarsys.2008.11.018},
file = {:home/rsoutelino/rsoutelino/mat\_didatico/papers/belkin\_o-reilly2009.pdf:pdf},
issn = {0924-7963},
journal = {J. Mar. Syst.},
number = {3},
pages = {319--326},
title = {{An algorithm for oceanic front detection in chlorophyll and \{SST\} satellite imagery}},
url = {http://www.sciencedirect.com/science/article/B6VF5-4VNH3V7-5/2/abf9a888a14174d94f1b26bce568139e},
volume = {78},
year = {2009}
}
@article{polvani1991,
author = {Polvani, L M},
journal = {J. Fluid. Mech.},
pages = {241--270},
title = {{Two-layer geostrophic vortex dynamics .2. Alignment and two-layer v-sates}},
volume = {225},
year = {1991}
}
@article{College2011,
author = {College, Mount Holyoke and Soutelino, Rafael},
file = {:home/rsoutelino/rsoutelino/mat\_didatico/papers/gordon\_meeting\_registration.pdf:pdf},
pages = {0--1},
title = {{Conference Registration Conference :}},
year = {2011}
}
@phdthesis{assireu2003,
address = {S\~{a}o Paulo, Brazil},
author = {Assireu, A T},
pages = {154p},
school = {Universidade de S\~{a}o Paulo},
title = {{Estudo das caracter\'{\i}sticas cinem\'{a}ticas e din\^{a}micas das \'{a}guas de superf\'{\i}cie do \{A\}tl\^{a}ntico \{S\}ul \{O\}cidental a partir de derivadores rastreados por sat\'{e}lite}},
year = {2003}
}
@article{halliwell_etal1994,
author = {Halliwell, G and Olson, D B and Peng, G},
doi = {10.1175/1520-0485(1994)024<1166:SOTSSS>2.0.CO;2},
journal = {J. Phys. Oceanogr.},
month = jun,
number = {6},
pages = {1166--1183},
title = {{Stability of the \{S\}argasso \{S\}ea Subtropical Frontal Zone}},
volume = {24},
year = {1994}
}
@article{Atts2004,
author = {Atts, D R Andolph W},
file = {:home/rsoutelino/rsoutelino/mat\_didatico/papers/perez-brunius\_etal2004.pdf:pdf},
journal = {Time},
pages = {1870--1883},
title = {{Absolute Transports of Mass and Temperature for the North Atlantic Current â Subpolar Front System ( NAC â SPF ) serves as the main conduit of warm and}},
year = {2004}
}
@article{soutelino_etal2011,
author = {Soutelino, R G and Silveira, I C A and Gangopadhyay, A and Miranda, J A},
doi = {10.1029/2010GL046276},
journal = {Geophys. Res. Lett.},
number = {3},
pages = {L03607},
title = {{Is the \{B\}razil \{C\}urrent eddy-dominated to the north of 20\^{}$\backslash$circ\{S\}?}},
volume = {38},
year = {2011}
}
@article{Campos2000,
author = {Campos, Edmo J. D. and Velhote, Denise and da Silveira, Ilson C. a.},
doi = {10.1029/1999GL010502},
file = {:home/rsoutelino/rsoutelino/mat\_didatico/papers/campos\_velhote\_silveira.pdf:pdf},
issn = {0094-8276},
journal = {Geophysical Research Letters},
number = {6},
pages = {751},
title = {{Shelf break upwelling driven by Brazil Current Cyclonic Meanders}},
url = {http://www.agu.org/pubs/crossref/2000/1999GL010502.shtml},
volume = {27},
year = {2000}
}
@article{LUTJEHARMS2003,
author = {LUTJEHARMS, J},
doi = {10.1016/S0278-4343(03)00106-7},
file = {:home/rsoutelino/rsoutelino/mat\_didatico/papers/lutjerharms\_etal2003.pdf:pdf},
issn = {02784343},
journal = {Continental Shelf Research},
keywords = {19 e,25 e,34 s,38 s,agulhas bank,agulhas bank shelf bight,agulhas current,bottom topography effects,boundary currents,geographic bounding coordinates,ocean models,oceanic eddies,regional index terms,shear edge eddies,south africa},
month = jul,
number = {11-13},
pages = {1099--1115},
title = {{Modelling the shear edge eddies of the southern Agulhas Current}},
url = {http://linkinghub.elsevier.com/retrieve/pii/S0278434303001067},
volume = {23},
year = {2003}
}
@misc{Cayula1994,
author = {Cayula, J-F. and Cornillon, P},
file = {:home/rsoutelino/rsoutelino/mat\_didatico/papers/cayula\_cornillon1995.pdf:pdf},
title = {{Multi-Image Edge Detection for SST Images}},
year = {1994}
}
@article{Palma2004,
author = {Palma, Elbio D.},
doi = {10.1029/2004JC002315},
file = {:home/rsoutelino/rsoutelino/mat\_didatico/papers/palma\_etal2004jgr.pdf:pdf},
issn = {0148-0227},
journal = {Journal of Geophysical Research},
number = {C8},
pages = {1--17},
title = {{A numerical study of the Southwestern Atlantic Shelf circulation: Barotropic response to tidal and wind forcing}},
url = {http://www.agu.org/pubs/crossref/2004/2004JC002315.shtml},
volume = {109},
year = {2004}
}
@article{qiu1999,
author = {Qiu, B},
doi = {10.1175/1520-0485(1999)029<2471:SEFMOT>2.0.CO;2},
journal = {J. Phys. Oceanogr.},
month = oct,
number = {10},
pages = {2471--2486},
title = {{Seasonal Eddy Modulation of the \{N\}orth \{P\}acific \{S\}ubtropical \{C\}ountercurrent: \{TOPEX\}/\{P\}oseidon Observations and Theory}},
volume = {29},
year = {1999}
}
@article{Taylor2011,
author = {Taylor, Mark},
doi = {10.1038/472261a},
file = {:home/rsoutelino/rsoutelino/mat\_didatico/papers/taylor2011nat.pdf:pdf},
issn = {1476-4687},
journal = {Nature},
keywords = {Curriculum,Curriculum: trends,Education, Graduate,Education, Graduate: statistics \& numerical data,Education, Graduate: trends,Employment,Employment: statistics \& numerical data,Research,Research Personnel,Research Personnel: education,Research Personnel: supply \& distribution,Research: education,Research: manpower,United States,Universities,Universities: trends},
month = apr,
number = {7343},
pages = {261},
pmid = {21512530},
title = {{Reform the PhD system or close it down.}},
url = {http://www.ncbi.nlm.nih.gov/pubmed/21512530},
volume = {472},
year = {2011}
}
@article{emilson1961,
author = {Emilson, I},
journal = {Bolm. Inst. Oceanogr.},
number = {2},
pages = {101--112},
title = {{The shelf and coastal waters off Sourthern Brazil}},
volume = {17},
year = {1961}
}
@mastersthesis{mattos2006,
address = {S\~{a}o Paulo},
author = {Mattos, R A},
pages = {126},
school = {Universidade de S\~{a}o Paulo},
title = {{Fei\c{c}\~{o}es de meso e grande escalas da Corrente do Brasil ao largo do sudeste brasileiro}},
year = {2006}
}
@article{Mercatini2010,
author = {Mercatini, Alessandro and Griffa, Annalisa and Piterbarg, Leonid and Zambianchi, Enrico and Magaldi, Marcello G.},
doi = {10.1016/j.ocemod.2010.01.003},
file = {:home/rsoutelino/rsoutelino/mat\_didatico/papers/mercatini\_etal2010om.pdf:pdf},
issn = {14635003},
journal = {Ocean Modelling},
number = {1-2},
pages = {190--203},
publisher = {Elsevier Ltd},
title = {{Estimating surface velocities from satellite data and numerical models: Implementation and testing of a new simple method}},
url = {http://linkinghub.elsevier.com/retrieve/pii/S1463500310000053},
volume = {33},
year = {2010}
}
@book{pedlosky1987,
address = {New York},
author = {Pedlosky, J},
pages = {728},
publisher = {Springer},
title = {{Geophysical fluid dynamics}},
year = {1987}
}
@article{Ryan2010,
author = {Ryan, J. P. and Fischer, a. M. and Kudela, R. M. and McManus, M. a. and Myers, J. S. and Paduan, J. D. and Ruhsam, C. M. and Woodson, C. B. and Zhang, Y.},
doi = {10.1029/2010JC006398},
file = {:home/rsoutelino/rsoutelino/mat\_didatico/papers/ryan\_etal2010jgr.pdf:pdf},
issn = {0148-0227},
journal = {Journal of Geophysical Research},
month = dec,
number = {C12},
pages = {1--15},
title = {{Recurrent frontal slicks of a coastal ocean upwelling shadow}},
url = {http://www.agu.org/pubs/crossref/2010/2010JC006398.shtml},
volume = {115},
year = {2010}
}
@article{Matano2003,
author = {Matano, R and Beier, E},
doi = {10.1016/S0967-0645(02)00395-8},
file = {:home/rsoutelino/rsoutelino/mat\_didatico/papers/matano\_beier2003.pdf:pdf},
isbn = {5417372064},
issn = {09670645},
journal = {Deep Sea Research Part II: Topical Studies in Oceanography},
month = jan,
number = {1},
pages = {229--249},
title = {{A kinematic analysis of the Indian/Atlantic interocean exchange}},
url = {http://linkinghub.elsevier.com/retrieve/pii/S0967064502003958},
volume = {50},
year = {2003}
}
@article{kundu_etal1976,
author = {Kundu, P K and Allen, J S and Smith, R L},
journal = {J. Phys. Oceanogr.},
pages = {683--704},
title = {{Modal decomposition of the velocity near the Oregon coast}},
volume = {5},
year = {1976}
}
@article{Joyce1989,
author = {Joyce},
file = {:home/rsoutelino/rsoutelino/mat\_didatico/papers/joyce1989.pdf:pdf},
journal = {JAOT},
title = {{On In Situ Calibration of Shipboard ADCPs}},
year = {1989}
}
@workshop{vianna_etal2005,
address = {New Orleans},
author = {Vianna, M L and Chambers, D and Menezes, V V},
booktitle = {2005 Joint Assembly},
institution = {Convention Center Boulevard},
title = {{Mean dynamic topography based on the GRACE GGM02 Model and Altimeter MSS: Can we capture subgyre structures by use of adaptive filters?}},
year = {2005}
}
@article{Dilorenzo2003,
author = {Dilorenzo, E},
doi = {10.1016/S0967-0645(03)00125-5},
file = {:home/rsoutelino/rsoutelino/mat\_didatico/papers/dilorenzo2002.pdf:pdf},
issn = {09670645},
journal = {Deep Sea Research Part II: Topical Studies in Oceanography},
keywords = {california current,coastal upwelling,southern california bight,wind-stress curl},
month = aug,
number = {14-16},
pages = {2371--2388},
title = {{Seasonal dynamics of the surface circulation in the Southern California Current System}},
url = {http://linkinghub.elsevier.com/retrieve/pii/S0967064503001255},
volume = {50},
year = {2003}
}
@article{Austin2002,
author = {Austin, J A and Lentz, S J},
file = {:home/rsoutelino/rsoutelino/mat\_didatico/papers/austin\_lentz2002jpo.pdf:pdf},
journal = {JPO},
number = {1905},
pages = {2171--2193},
title = {{The Inner Shelf Response to Wind-Driven Upwelling and Downwelling *}},
year = {2002}
}
@misc{Cokelet1996,
author = {Cokelet, E D and Schall, M L and Dougherty, D M},
file = {:home/rsoutelino/rsoutelino/mat\_didatico/papers/cokelet\_schall\_1995.pdf:pdf},
title = {{ADCP-referenced geostrophic circulation in the Bering Sea Basin}},
year = {1996}
}
@unpublished{Soutelino2006,
author = {Soutelino, R G},
file = {:home/rsoutelino/rsoutelino/mat\_didatico/papers/cbo2004\_soutelino\_A0.pdf:pdf},
title = {{Algumas consideracoes sobre a CB em 19 S - Poster}},
year = {2006}
}
@article{chavez_collins2000,
author = {Chavez, F P and Collins, C},
journal = {Deep-Sea Research II},
pages = {5--6},
title = {{Studies of the California Current System Part 2}},
volume = {47},
year = {2000}
}
@article{Chaudhuri2009a,
author = {Chaudhuri, a and Bisagni, J and Gangopadhyay, a},
doi = {10.1016/j.csr.2008.10.001},
file = {:home/rsoutelino/rsoutelino/mat\_didatico/papers/chaudhuri\_etal2008.pdf:pdf},
issn = {02784343},
journal = {Continental Shelf Research},
keywords = {gulf stream warm-core rings},
month = feb,
number = {2},
pages = {393--406},
title = {{Shelf water entrainment by Gulf Stream warm-core rings between 75Â°W and 50Â°W during 1978â1999}},
url = {http://linkinghub.elsevier.com/retrieve/pii/S027843430800335X},
volume = {29},
year = {2009}
}
@article{Largier2000,
author = {Largier, John},
file = {:home/rsoutelino/rsoutelino/mat\_didatico/papers/penven\_etal2000acta.pdf:pdf},
journal = {Oceanologica Acta},
number = {00},
title = {{Simulation of a coastal jet retention process using a barotropic model}},
volume = {23},
year = {2000}
}
@article{chaudhuri_etal2010,
author = {{Chaudhuri A.}, A Gangopadhyay and Bisagni, J},
title = {{Simulation of \{N\}orth \{A\}tlantic basin for High and Low \{N\}orth \{A\}tlantic \{O\}scillation (\{NAO\}) periods}}
}
@techreport{Penven2007,
author = {Penven, Pierrick and Tan, Thi-anh},
booktitle = {Recherche},
file = {:home/rsoutelino/rsoutelino/mat\_didatico/papers/romstools\_userguide.pdf:pdf},
title = {{ROMSTOOLS User â s Guide}},
year = {2007}
}
@article{sverdrup1947,
author = {Sverdrup, H U},
journal = {PNAS},
pages = {318--326},
title = {{Wind-driven currents in a baroclinic ocean; with application to the equatorial currents of the eastern Pacific}},
volume = {33},
year = {1947}
}
@article{tsuchiya1985,
author = {Tsuchiya, M},
journal = {J. Mar. Res.},
number = {1},
pages = {57--65},
title = {{Evidence of a double-cell subtropical gyre in the \{S\}outh \{A\}tlantic \{O\}cean}},
volume = {43},
year = {1985}
}
@incollection{robinson_etal1996,
author = {Robinson, A R and Arango, H G and Warn-Varnas, A and Leslie, W G and Miller, A J and Jr., P J Haley and Lozano, C J},
booktitle = {Modern Approaches to Data Assimilation in Ocean Modeling},
doi = {10.1016/S0422-9894(96)80017-1},
editor = {Malanotte-Rizzoli, P},
issn = {0422-9894},
pages = {377--410},
publisher = {Elsevier},
series = {Elsevier Oceanography Series},
title = {{Real-time regional forecasting}},
volume = {61},
year = {1996}
}
@misc{Boebel1999a,
author = {Boebel, O and Davis, R E and Ollitraut, M and Peterson, R G and Richardson, P L and Schmid, C and Zenk, W},
file = {:home/rsoutelino/rsoutelino/mat\_didatico/papers/boebeletalGRL99.pdf:pdf},
title = {{The Intermediate Depth Circulation of the Western South Atlantic}},
year = {1999}
}
@article{eady1949,
author = {Eady, E T},
journal = {TL},
pages = {33--52},
title = {{Long waves and cyclone waves}},
volume = {1},
year = {1949}
}
@article{wienders_etal2000,
author = {Wienders, N and Arhan, M and Mercier, H},
file = {:home/rsoutelino/rsoutelino/mat\_didatico/papers/wienders\_etal2000.pdf:pdf},
journal = {JMR},
pages = {1007--1039},
title = {{Circulation at the western boundary of the South and Equatorial Atlantic: exchanges with the ocean interior}},
volume = {58},
year = {2000}
}
@article{Blanke2002,
author = {Blanke, Bruno},
doi = {10.1029/2002GL015718},
file = {:home/rsoutelino/rsoutelino/mat\_didatico/papers/blanke\_etal2002\_grl.pdf:pdf},
issn = {0094-8276},
journal = {Geophysical Research Letters},
number = {24},
pages = {1--5},
title = {{Linking wind and interannual upwelling variability in a regional model of the southern Benguela}},
url = {http://www.agu.org/pubs/crossref/2002/2002GL015718.shtml},
volume = {29},
year = {2002}
}
@article{Wienders2000,
author = {Wienders, Nicolas and Arhan, Michel},
file = {:home/rsoutelino/rsoutelino/mat\_didatico/papers/wienders\_etal2000.pdf:pdf},
journal = {Atlantic},
pages = {1007--1039},
title = {{Circulation at the western boundary of the South and Equatorial Atlantic : Exchanges with the ocean interior}},
year = {2000}
}
@article{munk1950,
author = {Munk, W H},
journal = {Journal of Meteorology},
number = {2},
pages = {79--93},
title = {{On the wind-driven ocean circulation}},
volume = {7},
year = {1950}
}
@article{Qiu1999,
author = {Qiu, B},
file = {:home/rsoutelino/rsoutelino/mat\_didatico/papers/qiu1999.pdf:pdf},
journal = {JPO},
pages = {2471--2486},
title = {{Seasonal Eddy Field Modulation of the North Pacific Subtropical Countercurrent : TOPEX / Poseidon Observations and Theory}},
year = {1999}
}
