@STRING{	AABC       = {Anais Acad. Bras. de Ciências}}
@STRING{	RSE        = {Remote Sens. Environ.}}	
@STRING{	NZJMFWR    = {N. Zel. J. Mar. Fresh W. Res.}}
@STRING{	JOSJ       = {J. Oceanogr. Soc. Japan}}
@STRING{	ITGR       = {IEEE T. Geosci. Remote}}
@STRING{	ThS        = {The Sea}}
@STRING{	ARFM       = {Ann. Rev. Fluid. Mech.}}
@STRING{	Perg       = {Pergamon}}
@STRING{	OAc        = {Oceanol. Acta}}
@STRING{	RBO        = {Rev. bras. oceanogr.}}
@STRING{	BH         = {Butterworth-Heinemann}}
@STRING{	TEL        = {Tellus}}
@STRING{	SV         = {Springer}}
@STRING{	POc        = {Prog. Oceanogr.}}
@STRING{	ESP        = {Elsevier Scientific Publ.}}
@STRING{	PHI        = {Prentice-Hall Inc.}}
@STRING{	JAOT       = {J. Atmos. Oc. Tech.}}
@STRING{	RG         = {Rev. Geophys.}}
@STRING{	RNF        = {Rept. Norwegian Fishery and Marine Investigations}}
@STRING{	BIO        = {Bolm. Inst. oceanogr.}}
@STRING{	IJC        = {Int. J. Climatology}}
@STRING{	RBO        = {R. bras. Oceanogr.}}
@STRING{	JPO        = {J. Phys. Oceanogr.}}
@STRING{	JGR        = {J. Geophys. Res-Oceans}}
@STRING{	JMR        = {J. Mar. Res.}}
@STRING{	JFM        = {J. Fluid. Mech.}}
@STRING{	DSR        = {Deep-Sea Res.}}
@STRING{	ARFM       = {Annu. Rev. Fluid. Mech.}}
@STRING{	GRL        = {Geophys. Res. Lett.}}
@STRING{	JCP        = {J. Comput. Phys.}}
@STRING{	DAO        = {Dynam. Atmos. Oceans}}
@STRING{	GAFD       = {Geophys. Astrophys. Fluid Dyn.}}
@STRING{	MCP        = {Methods Comput. Phys.}}
@STRING{	JPO        = {J. Phys. Oceanogr.}}
@STRING{	JGR        = {J. Geophys. Res.}}
@STRING{	JMS        = {J. Mar. Syst.}}  
@STRING{	JFM        = {J. Fluid. Mech.}}
@STRING{	ARFM       = {Annu. Rev. Fluid. Mech.}}
@STRING{	JCP        = {J. Comput. Phys.}}
@STRING{	GAFD       = {Geophys. Astrophys. Fluid Dyn.}}
@STRING{	JAS        = {J. Atmos. Sci.}}
@STRING{	MCP        = {Methods Comput. Phys.}}
@STRING{	PF         = {Phys. Fluids}}
@STRING{	EJMBF      = {Eur. J. Mech B-Fluid}}
@STRING{	NCC        = {Nuovo Cimento C}}
@STRING{	PFAF       = {Phys. Fluids A-Fluid}}
@STRING{	PT         = {Phys. Today}}
@STRING{	QJRMS      = {Q. J. Roy. Meteor. Soc.}} 
@STRING{	CPR        = {Comput. Phys. Rep.}} 
@STRING{	MWR        = {Mon. Weather. Rev.}} 
@STRING{	PTRSA      = {Philos. T. Roy. Soc. A}} 
@STRING{	PRSLAM     = {P. Roy. Soc. Lond. A Mat.}} 
@STRING{	FB         = {Fish. B.}}
@STRING{	PRL        = {Phys. Rev. Lett.}}
@STRING{	PD         = {Phys. D}}
@STRING{	PRA        = {Phys. Rev. A}}
@STRING{	PRB        = {Phys. Rev. B}}
@STRING{	SG         = {Sement. Geol.}}
@STRING{	BIO        = {Bolm. Inst. Oceanogr.}}
@STRING{	IWN        = {Int. WOCE Newlett.}}
@STRING{	NT         = {Nature}}
@STRING{	RGSP       = {Rev. Geophys. Space Phys.}}
@STRING{	RBGf       = {Rev. Bras. Geofis.}}
@STRING{	TL         = {Tellus}}
@STRING{	TAGU       = {Trans. Am. Geophys. Union}}
@STRING{	ACP        = {Academic Press}}
@STRING{	PNAS       = {Proc. Nat. Acad. Sci}}
@STRING{	CSR        = {Cont. Shelf Res.}}
@STRING{	OM         = {Ocean Modell.}}

@Techreport{a,
  author         = {},
  title          = {},
  institution    = {},
  year           = {},
}

@Article{a,
  author         = {},
  title          = {},
  journal        = {},
  volume         = {},
  number         = {},
  pages          = {},
  doi            = {},
  year           = {},
}

@Article{a,
  author         = {},
  title          = {},
  journal        = {},
  volume         = {},
  number         = {},
  pages          = {},
  doi            = {},
  year           = {},
}

@Article{a,
  author         = {},
  title          = {},
  journal        = {},
  volume         = {},
  number         = {},
  pages          = {},
  doi            = {},
  year           = {},
}


@Article{francisco_etal2011,
  author         = {Francisco, C. P. F. and Silveira, I. C. A. and Campos, E. J. D.},
  title          = {Dynamics of the {B}razil-{M}alvinas confluence: {E}nergy conversions},
  journal        = {J. Phys. Conf. Ser},
  volume         = {285},
  number         = {2011},
  pages          = {012045},
  doi            = {10.1088/1742-6596/285/1/012045},
  year           = {2011},
}


@Article{cronin_watts1996,
  author         = {Cronin, M. and Watts, R.},
  title          = {Eddy-mean flow interaction in the {G}ulf {S}tream at 68
                    $^\circ$W. Part I: {E}ddy energetics},
  journal        = JPO,
  volume         = {26},
  number         = {},
  pages          = {2107-2131},
  doi            = {},
  year           = {1996},
}

@Article{franchito_etal1998,
  author         = {Franchito, S. H. and Rao, V. B. and Lorenzzetti, J. A.},
  title          = {The effect of coastal upwelling on the sea-breeze circulation at {C}abo {F}rio, {B}razil: a numerical experiment.},
  journal        = {Annales Geophysicae},
  volume         = {16},
  number         = {},
  pages          = {866-881},
  doi            = {},
  year           = {1998},
}


@Article{lee_pietrafesa1987,
  author         = {Lee, T.N. and Pietrafesa, L.J.},
  title          = {Summer upwelling on the southeastern continental shelf of the {USA} during 1981-circulation},
  journal        = POc,
  volume         = {19},
  number         = {},
  pages          = {267-312},
  doi            = {},
  year           = {1987},
}


@Article{matsuura1998,
  author         = {Matsuura, Y.},
  title          = {Brazilian Sardine (Sardinella brasiliensis) spawning in the southeast bight over the period 1976/93},
  journal        = {Rev. Bras. Oceanografia},
  volume         = {46},
  number         = {1},
  pages          = {33-43},
  doi            = {},
  year           = {1998},
}


@Article{castelao_barth2006,
  author         = {Castelão, R. M. and Barth, J. A.},
  title          = {Upwelling around Cabo Frio, Brazil: the importance of wind stress curl},
  journal        = GRL,
  volume         = {33},
  number         = {},
  pages          = {L03602},
  month          = {},
  year           = 2006
}

@Article{palma_matano2009,
  author         = {Palma, E. D. and Matano, R. P.},
  title          = {Disentangling the upwelling mechanisms of the South Brazil Bight},
  journal        = {Cont. Shelf Res.},
  volume         = {29},
  number         = {},
  pages          = {1525-1534},
  month          = {},
  year           = 2009
}

@article{rodrigues_lorenzzetti2001,
  author         = {Rodrigues, R. R. and Lorenzzetti, J. A.},
  title          = {A numerical study of the efects of bottom topography and coastline geometry on the Southeast Brazilian coastal upwelling},
  journal        = {Cont. Shelf Res.},
  volume         = {108},
  number         = {C10},
  pages          = {371-394},
  month          = {},
  year           = 2001
}

@article{allard1995,
  author         = {Allard, P.},
  title          = {Anomalies dans le temperature de l'eau de la mer observees au Cabo Frio au Bresil. },
  journal        = {Bull. Inf. Com. Oceanogr. Etude Cotes},
  volume         = {7},
  number         = {2},
  pages          = {58-63},
  month          = {},
  year           = 1995
}


@article{ikeda_etal1974,
  author         = {Ikeda, Y. and Miranda, L. B. and Miniussi, I. C.},
  title          = {Observations on stages of upwelling in the region of Cabo Frio (Brazil) as conducted by continuous surface temperature and salinity measurements},
  journal        = {Bol. Inst. Oceanogr.},
  volume         = {23},
  number         = {},
  pages          = {33-46},
  month          = {},
  year           = 1974
}

@article{emilson1961,
  author         = {Emilson, I.},
  title          = {The shelf and coastal waters off Sourthern Brazil},
  journal        = BIO,
  volume         = {17},
  number         = {2},
  pages          = {101-112},
  month          = {},
  year           = 1961
}

@article{mano_etal2009,
  author = {Mano, Manlio F. and Paiva, Afonso M. and Torres, Audalio R. and Coutinho, Alvaro L. G. A.},
  doi = {10.1175/2009JPO4026.1},
  file = {:home/rsoutelino/rsoutelino/mat\_didatico/papers/mano\_etal2009.pdf:pdf},
  issn = {0022-3670},
  journal = JPO,
  month = nov,
  number = {11},
  pages = {2999--3010},
  title = {{Energy Flux to a Cyclonic Eddy off Cabo Frio, Brazil}},
  volume = {39},
  year = {2009}
}


@article{magaldi_etal2008,
  author         = {Magaldi, M G and \"{O}zg\"{o}kmen, T M and Griffa, A and Chassignet, E P and Iskandarani, M and Peters, H},
  doi            = {10.1016/j.ocemod.2008.06.006},
  file           = {:home/rsoutelino/rsoutelino/mat\_didatico/papers/magaldi\_etal2008.pdf:pdf},
  journal        = OM,
  pages          = {65--82},
  title          = {{Turbulent flow regimes behind a coastal cape in a stratified and rotating environment}},
  volume         = {25},
  year           = {2008}
}

@article{verron_etal1991,
  author         = {Verron, J and Davies, P. A. and Dakin, J. M.},
  file           = {:home/rsoutelino/rsoutelino/mat\_didatico/papers/verron\_etal1991.pdf:pdf},
  journal        = {Fluid Dynamics Research},
  title          = {Quasigeostrophic flow past a cape in a homogeneous fluid},
  volume         = {7},
  pages          = {1-21},
  year           = {1991}
}

@Article{arruda_etal2012,
  author         = {Arruda, W. Z. and Campos, E. J. D. and Soutelino, R. G. and Silveira, I. C. A.},
  title          = {Events of equatorward translation of the {V}itoria {E}ddy},
  journal        = CSR,
  volume         = {?},
  number         = {?},
  pages          = {?},
  doi            = {?},
  year           = {subm},
}

@Article{soutelino_etal2012,
  author         = {Soutelino, R. G. and Gangopadhyay, A. and Silveira, I. C. A.},
  title          = {The roles of vertical shear and topography on the eddy
formation near the site of origin of the Brazil Current},
  journal        = CSR,
  volume         = {?},
  number         = {?},
  pages          = {?},
  doi            = {?},
  year           = {subm},
}

@Article{ganachaud_wunsch2000,
  author         = {Ganachaud, A and Wunsch, C},
  title          = {Improved estimates of global ocean circulation, heat transport and mixing from hydrographic data},
  journal        = NT,
  volume         = {408},
  number         = {6811},
  pages          = {453-457},
  doi            = {http://dx.doi.org/10.1038/35044048},
  year           = {2000},
}

@Article{schmid_etal1995,
  author         = {Schmid, C. and Sch\"afer, H. and Podestá, G. and Zenk, W.},
  title          = {The {V}itória {E}ddy and its relation to the {B}razil {C}urrent},
  journal        = JPO,
  volume         = {25},
  number         = {},
  pages          = {2532},
  doi            = {},
  year           = {1995},
}

@Article{marchesiello_etal2001,
  author         = {Marchesiello, P. and McWilliams, J. C. and Shchepetkin, A.},
  title          = {Open boundary conditions for long-term integration of regional oceanic models},
  journal        = OM,
  volume         = {3},
  number         = {1-2},
  pages          = {1 - 20},
  doi            = {10.1016/S1463-5003(00)00013-5},
  year           = {2001},
}

@Article{peliz_etal2003,
  author         = {Peliz, A. and Dubert, J. and Haidvogel, D. B. and Le Cann, B.},
  title          = {Generation and unstable evolution of a density-driven Eastern Poleward Current: The Iberian Poleward Current},
  journal        = JGR,
  volume         = {108},
  number         = {C8},
  pages          = {3268},
  doi            = {10.1029/2002JC001443},
  year           = {2003},
}

@Article{large_etal1994,
  author         = {Large, W.G. and McWilliams, J.C. and Doney, S.C.},
  title          = {Oceanic vertical mixing: {A} review and a model with a nonlocal boundary layer parameterization},
  journal        = RG,
  volume         = {32},
  number         = {4},
  pages          = {363-403},
  doi            = {10.1029/94RG01872},
  year           = {1994},
}

@Article{campos2006,
  author         = {Campos, E.J.D.},
  title          = {Equatorward translation of the {V}itoria {E}ddy in a numerical simulation},
  journal        = GRL,
  volume         = {33},
  number         = {},
  pages          = {L22607},
  doi            = {10.1029/2006GL026997},
  year           = {2006},
}

@Article{dengler_etal2004,
  author         = {Dengler, M. and Schott, F. and Eden, C. and Brandt, P. and Fischer, J. and Zantopp, R. J.},
  title          = {Break-up of the {A}tlantic deep western boundary current into eddies at 8$^\circ${S}},
  journal        = NT,
  volume         = {432},
  number         = {7020},
  pages          = {1018-1020},
  doi            = {10.1038/nature03134},
  year           = {2004},
}

@Article{stramma_schott1999,
  author         = {Stramma, L. and Schott, F.},
  title          = {The mean flow field of the tropical {A}tlantic {O}cean},
  journal        = DSR,
  volume         = {46},
  number         = {1},
  pages          = {279-303},
  doi            = {},
  year           = {1999},
}

@Article{schmidt_etal2007,
  author         = {Schmidt, A.C.K and Belo, W.C.B. and Lima, J.A.M.},
  title          = {Modelo param\'etrico anal\'itico para a estrutura de velocidade do sistema {C}orrente do Brasil},
  journal        = RBGF,
  volume         = {25},
  number         = {1},
  pages          = {75-91},
  doi            = {10.1590/S0102-261X2007000100007},
  year           = {2007},
}

@Article{cummings_etal1997,
  author         = {Cummings, J.A. and Szczechowski, C. and Carnes, M.},
  title          = {Global and regional ocean thermal analysis systems},
  journal        = {Mar. Technol. Soc J.},
  volume         = {31},
  number         = {6375},
  pages          = {},
  doi            = {},
  year           = {1997},
}

@Article{hurlburt_etal1996,
  author         = {Hurlburt, H. and Wallcraft, A. and Schmitz Jr. W. and Hogan, P. and Metzger, E},
  title          = {Dynamics of the {K}uroshio/{O}yashio current system using eddy-resolving models of the {N}orth {P}acific ocean},
  journal        = JGR,
  volume         = {101},
  number         = {C1},
  pages          = {941–976},
  doi            = {10.1029/95JC01674},
  year           = {1992},
}

@Article{fox_etal1992,
  author         = {Fox, D.N. and Carnes, M.R. and Mitchell, J.},
  title          = {Characterizing major frontal systems, a nowcast/forecast system for {N}orthwest {A}tlantic},
  journal        = {},
  volume         = {5},
  number         = {1},
  pages          = {49–53},
  doi            = {},
  year           = {1992},
}

@Article{schouten_etal2003,
  author         = {Schouten, M. W. and Ruijter, W. P. M. and Leeuwen, P. J. and Ridderinkhof, H.},
  title          = {Eddies and variability in the {M}ozambique {C}hannel},
  journal        = DSR,
  volume         = {50},
  number         = {12-13},
  pages          = {1987 - 2003},
  year           = {2003},
  doi            = {10.1016/S0967-0645(03)00042-0},
}

@Article{biastoch_krauss1999,
  author         = {Biastoch, A and Krauss, W.},
  title          = {The {R}ole of {M}esoscale {E}ddies in the {S}ource {R}egions of the {A}gulhas {C}urrent},
  journal        = JPO,
  volume         = {29},
  number         = {9},
  pages          = {2303-2317},
  doi            = {10.1175/1520-0485(1999)029<2303:TROMEI>2.0.CO;2},
  year           = {1999},
}

@Article{cirano_etal2006,
  author         = {Cirano, M. and Mata, M. M. and Campos, E. J. D. and Deiró},
  title          = {A circulação oceânica em larga-escala na região oeste do {A}tlântico {S}ul com base no modelo de circulação global {OCCAM}},
  journal        = RBGf,
  volume         = {24},
  number         = {2},
  pages          = {209-230},
  doi            = {10.1590/S0102-261X200600020000},
  year           = {2006},
}

@Article{haidvogel_etal2008,
  author         = {D. B. Haidvogel and H. Arango and W. P. Budgell and B. D. Cornuelle and E. Curchitser and E. Di Lorenzo and K. Fennel and W. R. Geyer and A. J. Hermann and L. Lanerolle and J. Levin and J. C. McWilliams and A. J. Miller and A. M. Moore and T. M. Powell and A. F. Shchepetkin and C. R. Sherwood and R. P. Signell and J. C. Warner and J. Wilkin},
  title          = {Ocean forecasting in terrain-following coordinates: {F}ormulation and skill assessment of the {R}egional {O}cean {M}odeling {S}ystem},
  journal        = JCP,
  volume         = {227},
  number         = {7},
  pages          = {3595-3624},
  doi            = {10.1016/j.jcp.2007.06.016},
  year           = {2008},
}

@Article{chaudhuri_etal2010,
  author         = {Chaudhuri, A., A. Gangopadhyay and J. Bisagni},
  title          = {Simulation of {N}orth {A}tlantic basin for High and Low {N}orth {A}tlantic {O}scillation ({NAO}) periods},
  journal        = {},
  volume         = {},
  number         = {},
  pages          = {},
  doi            = {},
  year           = {prep},
}

 @Article{belkin_etal2010,
  author         = {Belkin, I. M. and Hyde, K. J. W. and O'Reilly, J. E. and Ducas, T.},
  title          = {Chlorophyll and {SST} fronts off the {U.S.} {E}ast {C}oast},
  journal        = PO,
  volume         = {},
  number         = {},
  pages          = {},
  doi            = {},
  year           = {in prep.},
}

 @Article{kirwan_etal1988,
  author         = {Kirwan, A. D. and J. K. Lewis and A. W. Indest and P. Reinersman and I. Quintero},
  title          = {Observed and simulated kinematic properties of {L}oop {C}urrent rings},
  journal        = JGR,
  volume         = {93},
  number         = {C2},
  pages          = {1189-1198},
  doi            = {10.1029/JC093iC02p01189},
  year           = {1988},
}

@Article{lorenzzetti_etal2009,
  title          = {Satellite observation of {B}razil {C}urrent inshore thermal front in the {SW} {S}outh {A}tlantic: {S}pace/time variability and sea surface temperatures},
  author         = {J. A. Lorenzzetti and Stech, J. L. and Wilson L. Mello Filho and Assireu, A. T.},
  journal        = CSR,
  volume         = {29},
  number         = {17},
  pages          = {2061-2068},
  doi            = {10.1016/j.csr.2009.07.011},
  year           = {2009},
}


@Article{chaudhuri_etal2008,
  author         = {Chaudhuri, A and Bisagni, J. J. and Gangopadhyay, A.},
  title          = {Shelf entrainment by {G}ulf {S}tream warm-core rings between 75$^\circ${W} and 50$^\circ${W} during 1978-1999},
  journal        = CSR,
  volume         = {29},
  number         = {},
  pages          = {393-406},
  month          = {},
  doi            = {10.1016/j.csr.2008.10.001},
  year           = {2008},
}

@Article{chaudhuri_etal2009,
  author         = {Chaudhuri, A and Gangopadhyay, A. and Bisagni, J. J.},
  title          = {Interannual variability of {G}ulf {S}tream warm-core rings in response to the {N}orth {A}tlantic {O}scillation},
  journal        = CSR,
  volume         = {29},
  number         = {},
  pages          = {856-869},
  month          = {},
  doi            = {10.1016/j.csr.2009.01.008},
  year           = {2009},
}

@Article{yamagata_umatani1987,
  author         = {T. Yamagata and Umatani, S-I.},
  title          = {The capture of current meander by coastal geometry with possible application to the Kuroshio Current},
  journal        = {Tellus Ser. A},
  volume         = {39A},
  number         = {2},
  pages          = {161-169},
  month          = {},
  doi            = {10.1111/j.1600-0870.1987.tb00297.x},  
  year           = {1987},
}

@Article{ikeda1985,
  author         = {Ikeda, M.},
  title          = {Wind Effects on a Front Over the Continental Shelf Slope},
  journal        = JGR,
  volume         = {90},
  number         = {C5},
  pages          = {9108–9118},
  month          = {},
  doi            = {10.1029/JC090iC05p09108},
  year           = {1958},
}

@Article{herring1964,
  author         = {Herring, J. R.},
  title          = {Investigation of problems in thermal convection},
  journal        = JAS,
  volume         = {20},
  number         = {},
  pages          = {325-338},
  month          = {},
  year           = {1964},
}

@article{clarke_etal1980,
author           = {Clarke, R. Allyn and Hill, Harry W. and Reiniger, Robert F. and Warren, Bruce A.},
title            = {Current System South and East of the {G}rand {B}anks of {N}ewfoundland},
journal          = JPO,
volume           = {10},
number           = {1},
pages            = {25-65},
year             = {1980},
doi              = {10.1175/1520-0485(1980)010<0025:CSSAEO>2.0.CO;2}
}

@Article{cayula_cornillon1996,
  author         = {Cayula, J-F. and Cornillon, P.},
  title          = {Cloud detection from a sequence of {SST} images},
  journal        = RSE,
  volume         = {55},
  number         = {1},
  pages          = {80-88},
  month          = {},
  year           = {1996},
}

@Article{cayula_cornillon1991,
  author         = {Cayula, J-F. and Cornillon, P.},
  title          = {Edge detection algorithm for {SST} images},
  journal        = JAOT,
  volume         = {9},
  number         = {1},
  pages          = {67-80},
  month          = {},
  year           = {1991},
}

@Article{belkin_gordon1996,
  author         = {Belkin, I. M., and A. L. Gordon},
  title          = {Southern {O}cean fronts from the {G}reenwich meridian to {T}asmania},
  journal        = JGR,
  volume         = {101},
  number         = {C2},
  pages          = {3675-3696},
  month          = {},
  year           = {1996},
}

@Article{belkin_etal_inprep,
  author         = {Belkin, I. M. and Hyde, K. J .W. and O'Reilly, J. E. and Ducas, T.},
  title          = {Satellite climatologies of chlorophyll and {SST} fronts off the {N}orth {A}merican {E}astern {S}eaboard.},
  journal        = POc,
  volume         = {},
  number         = {},
  pages          = {},
  month          = {},
  year           = {in prep.},
}

@article{belkin_o-reilly2009,
  title            = {An algorithm for oceanic front detection in chlorophyll and {SST} satellite imagery},
  journal          = JMS,
  volume           = {78},
  number           = {3},
  pages            = {319-326},
  year             = {2009},
  issn             = {0924-7963},
  doi              = {10.1016/j.jmarsys.2008.11.018},
  url              = {http://www.sciencedirect.com/science/article/B6VF5-4VNH3V7-5/2/abf9a888a14174d94f1b26bce568139e},
  author           = {I. M. Belkin and J. E. O'Reilly},
}

@article{belkin_etal2009,
title            = {Fronts in Large Marine Ecosystems},
journal          = POc,
volume           = {81},
number           = {1-4},
pages            = {223-236},
year             = {2009},
issn             = {0079-6611},
doi              = {10.1016/j.pocean.2009.04.015},
url              = {http://www.sciencedirect.com/science/article/B6V7B-4W4JDKS-1/2/d3d2881c7824cb70bf9b7f47a8de67d1},
author           = {I. M. Belkin and P. Cornillon and K. Sherman},
}

@article{cayula_cornillon1995,
author           = {Cayula, J-F. and Cornillon, P.},
title            = {Multi-Image Edge Detection for {SST} Images},
journal          = JAOT,
volume           = {12},
number           = {4},
pages            = {821-829},
year             = {1995},
doi              = {10.1175/1520-0426(1995)012<0821:MIEDFS>2.0.CO;2},
URL              = {http://journals.ametsoc.org/doi/abs/10.1175/1520-0426%281995%29012%3C0821%3AMIEDFS%3E2.0.CO%3B2},
eprint           = {http://journals.ametsoc.org/doi/pdf/10.1175/1520-0426%281995%29012%3C0821%3AMIEDFS%3E2.0.CO%3B2},
}

@Article{vianna_etal2007,
  author         = {Vianna, M. L. and V. V. Menezes, and D. P. Chambers},
  title          = {A high resolution satellite-only {GRACE}-based mean dynamic topography of the {S}outh {A}tlantic {O}cean},
  journal        = GRL,
  volume         = {34},
  number         = {},
  pages          = {L24604},
  month          = {},
  doi            = {10.1029/2007GL031912},
  year           = {2007},
}

@Article{soutelino_etal2011,
  author         = {Soutelino, R. G. and Silveira, I. C. A. and Gangopadhyay, A. and Miranda, J. A.},
  title          = {Is the {B}razil {C}urrent eddy-dominated to the north of 20$^\circ${S}?},
  journal        = GRL,
  volume         = {38},
  number         = {3},
  pages          = {L03607},
  doi            = {10.1029/2010GL046276},
  year           = {2011},
}


@Article{rodrigues_etal_subm,
  author         = {Rodrigues, R.R. and Wimbush, M. and Watts, D. R. and Rothstein, L.M. and Ollitrault, O.},
  title          = {South {A}tlantic mass transports obtained from subsurface float and hydrographic data},
  journal        = JMR,
  volume         = {},
  number         = {},
  pages          = {},
  month          = {},
  year           = {subm.},
}

@Article{stern_flierl1987,
  author         = {Stern, M. E., and G. R. Flierl},
  title          = {On the Interaction of a Vortex With a Shear Flow},
  journal        = JGR,
  volume         = {92},
  number         = {C10},
  pages          = {10,733-10,744},
  month          = {},
  doi            = {10.1029/JC092iC10p10733},
  year           = {1987},
}

@Article{pratt_stern1986,
  author         = {Pratt, L. J. and M. E. Stern},
  title          = {Dynamics of potential vorticity fronts and eddy detachment},
  journal        = JPO,
  volume         = {16},
  number         = {6},
  pages          = {1101-1120},
  month          = {},
  doi            = {10.1175/1520-0485(1986)016<1101:DOPVFA>2.0.CO;2},
  URL            = {http://journals.ametsoc.org/doi/abs/10.1175/1520-0485%281986%29016%3C1101%3ADOPVFA%3E2.0.CO%3B2},
  eprint         = {http://journals.ametsoc.org/doi/pdf/10.1175/1520-0485%281986%29016%3C1101%3ADOPVFA%3E2.0.CO%3B2},
  year           = {1986},
}

@Article{cummins_mysak1988,
  author         = {P. F. Cummins and L. A. Mysak},
  title          = {A Quasi-Geostrophic Circulation Model of the {N}ortheast {P}acific. {P}art {I}: A Preliminary Numerical Experiment},
  journal        = JPO,
  volume         = {18},
  number         = {9},
  pages          = {1261-1286},
  month          = {},
  doi            = {10.1175/1520-0485(1988)018<1261:AQGCMO>2.0.CO;2},
  URL            = {http://journals.ametsoc.org/doi/abs/10.1175/1520-0485%281988%29018%3C1261%3AAQGCMO%3E2.0.CO%3B2},
  eprint         = {http://journals.ametsoc.org/doi/pdf/10.1175/1520-0485%281988%29018%3C1261%3AAQGCMO%3E2.0.CO%3B2},
  year           = {1988},
}

@Article{silveira_etal2008,
  author         = {I.C.A. Silveira and J.A.M. Lima and A.C.K. Schmidt and W. Ceccopieri and A. Sartori and C.P.F. Franscisco and R.F.C. Fontes},
  title          = {Is the meander growth in the {B}razil {C}urrent system off {S}outheast {B}razil due to baroclinic instability?},
  journal        = {Dyn. Atmos. Oceans},
  volume         = {45},
  number         = {},
  pages          = {187-207},
  doi            = {10.1016/j.dynatmoce.2008.01.002},
  month          = {},
  year           = {2008},
}

@Article{johns1988,
  author         = {Johns, W. E.},
  title          = {One-dimensional baroclinically unstable waves on the {G}ulf {S}tream potential vorticity gradient near {C}ape {H}atteras},
  journal        = {Dyn. Atmos. Oceans},
  volume         = {11},
  number         = {3-4},
  pages          = {323-350},
  issn           = {0377-0265},
  doi            = {10.1016/0377-0265(88)90005-X},
  year           = {1988},
}


@Article{munk1950,
  author         = {Munk, W. H.},
  title          = {On the wind-driven ocean circulation},
  journal        = {Journal of Meteorology},
  volume         = {7},
  number         = {2},
  pages          = {79-93},
  month          = {},
  year           = {1950},
}

@Article{baker-yeboah_etal2010,
  author         = {Baker-Yeboah, S. and G. R. Flierl and G. G. Sutyrin and Y. Zhang},
  title          = {Transformation of an {A}gulhas eddy near the continental slope},
  journal        = {Ocean Sci.},
  volume         = {6},
  number         = {1},
  pages          = {143-159},
  month          = {},
  url            = {http://www.ocean-sci.net/6/143/2010/},
  doi            = {10.5194/os-6-143-2010},
  year           = {2010},
}

@Article{baker-yeboah_etal2009,
  author           = {Baker-Yeboah, Sheekela and Watts, D. Randolph and Byrne, Deirdre A.},
  title            = {Measurements of Sea Surface Height Variability in the Eastern {S}outh {A}tlantic from Pressure Sensor–Equipped Inverted Echo Sounders: Baroclinic and Barotropic Components},
  journal          = {J. Atmos. Oceanic Technol.},
  volume           = {26},
  number           = {12},
  pages            = {2593-2609},
  year             = {2009},
  doi              = {10.1175/2009JTECHO659.1},
  url              = {http://journals.ametsoc.org/doi/abs/10.1175/2009JTECHO659.1},
  eprint           = {http://journals.ametsoc.org/doi/pdf/10.1175/2009JTECHO659.1}
}

@Article{liu2002,
  author         = {Liu, W.T.},
  title          = {Progress in scatterometer applications},
  journal        = {J. Oceanogr.},
  volume         = {58},
  number         = {1},
  pages          = {121-136},
  month          = {Feb},
  doi            = {10.1023/A:1015832919110},
  year           = 2002 
}

@Article{orlanski1976,
  author         = {Orlanski, I.},
  title          = {A simple boundary condition for unbounded hyperbolic flows},
  journal        = {J. Comput. Phys.},
  volume         = {21},
  number         = {3},
  pages          = {251-269},
  month          = {},
  doi            = {10.1016/0021-9991(76)90023-1},
  year           = 1976 
}

@Article{spall_robinson1990,
  author         = {Spall, M. A. and A. R. Robinson},
  title          = {Regional primitive equation studies of the {G}ulf {S}tream meander and ring formation region},
  journal        = {J. Phys. Oceanogr.},
  volume         = {20},
  number         = {7},
  pages          = {985-1016},
  month          = {},
  doi            = {10.1175/1520-0485(1990)020<0985:RPESOT>2.0.CO;2},
  year           = 1990 
}

@Article{lermusiaux_robinson2001,
  author         = {Lermusiaux, P.F.J. and Robinson, A.R.},
  title          = {Features of dominant mesoscale variability, circulation patterns and dynamics in the {S}trait of {S}icily},
  journal        = {Deep Sea Res. Part I},
  volume         = {48},
  number         = {},
  pages          = {1953-1997},
  month          = {},
  doi            = {},
  year           = 2001 
}

@Article{robinson1996,
  author         = {Robinson, A. R.},
  title          = {Physical processes, field estimation and an approach to interdisciplinary ocean modeling},
  journal        = {Earth Sci. Rev.},
  volume         = {40},
  number         = {1-2},
  pages          = {3-54},
  month          = {},
  doi            = {10.1016/0012-8252(95)00030-5},
  year           = 1996
}

@Article{calado_etal2008,
  author         = {Calado, L. and Gangopadhyay, A. and Silveira, I. C. A.},
  title          = {Feature-oriented regional modeling and simulations ({FORMS}) for the western {S}outh {A}tlantic: {S}outheastern {B}razil region},
  journal        = OM,
  volume         = {25},
  number         = {1-2},
  pages          = {48-64},
  month          = {},
  doi            = {10.1016/j.ocemod.2008.06.007},
  year           = 2008 
}

@Article{calado_etal2010,
  author         = {Calado, L. and Silveira, I. C. A. and Gangopadhyay, A. and Castro, B. M.},
  title          = {Eddy-induced upwelling off {C}ape {S}ão {T}omé (22$^\circ${S}, {B}razil)},
  journal        = CSR,
  volume         = {30},
  number         = {},
  pages          = {1181-1188},
  month          = {},
  doi            = {10.1016/j.csr.2010.03.007},
  year           = 2010 
}

@Article{robinson_glen1999,
  author         = {Robinson, A. and Glen, S.M.},
  title          = {Adaptive sampling for ocean forecasting},
  journal        = {Nav. Res. Rev.},
  volume         = {51},
  number         = {2},
  pages          = {28-38},
  month          = {},
  doi            = {},
  year           = 1999
}

@Article{gangopadhyay_etal2003,
  author         = {Gangopadhyay, A. and Robinson, A.R. and Haley, P.J. and Leslie, W.J. and Lozano, C.J. and Bisagni, J. and Yu, Z.},
  title          = {Feature oriented regional modeling and simulation in the {G}ulf of {M}aine and {G}eorges {B}ank},
  journal        = {Cont. Shelf Res.},
  volume         = {23},
  number         = {3-4},
  pages          = {317-353},
  month          = {},
  doi            = {10.1016/S0278-4343(02)00151-6},
  year           = 2003 
}

@Article{gangopadhyay_etal1997,
  author         = {Gangopadhyay, A. and Robinson, A.R. and Arango, H.G.},
  title          = {Circulation and dynamics of the western {N}orth {A}tlantic. I: Multiscale feature models.},
  journal        = {J. Atmos. Ocean. Tech.},
  volume         = {14},
  number         = {6},
  pages          = {1314-1332},
  month          = {},
  doi            = {10.1175/1520-0426(1997)014<1314:CADOTW>2.0.CO;2},
  year           = 1997
}

@Article{robinson_etal1989,
  author         = {Robinson, A. and Spall, M.A. and Walstad, L.J. and Leslie, W.G.},
  title          = {Data assimilation and dynamical interpolation in {G}ulfcasting experiments},
  journal        = {Dyn. Atmos. Oceans},
  volume         = {13},
  number         = {3-4},
  pages          = {301-316},
  month          = {},
  doi            = {10.1016/0377-0265(89)90043-2},
  year           = 1989
}

@Article{robinson_etal1988,
  author         = {Robinson, A. and Spall, M.A. and Pinardi, N.},
  title          = {Gulf {S}tream simulations and the dynamics of ring and meander processes},
  journal        = {J. Phys. Oceanogr.},
  volume         = {18},
  number         = {12},
  pages          = {1811-1854},
  month          = {},
  doi            = {10.1175/1520-0485(1988)018<1811:GSSATD>2.0.CO;2},
  year           = 1988
}

@Article{gangopadhyay_robinson2002,
  author         = {Gangopadhyay, A. and Robinson, A.R.},
  title          = {Feature-oriented regional modeling of oceanic fronts},
  journal        = {Dyn. Atmos. Oceans},
  volume         = {36},
  number         = {1-3},
  pages          = {201-232},
  month          = {},
  doi            = {10.1016/S0377-0265(02)00032-5},
  year           = 2002 
}

@Article{lutjerharms_etal2003,
  author         = {Lutjeharms, J.R.E. and Penven, P. and Roy, C.},
  title          = {Modelling the shear edge eddies of the southern {A}gulhas {C}urrent},
  journal        = {Cont. Shelf Res.},
  volume         = {23},
  number         = {11-13},
  pages          = {1099-1115},
  month          = {},
  doi            = {10.1016/S0278-4343(03)00106-7},
  year           = 2003 
}

@Article{penven_etal2001,
  author         = {Penven, P. and Lutjeharms, J.R.E. and Marchesiello, P. and Roy, C. and Weeks, S.J.},
  title          = {Generation of cyclonic eddies by the {A}gulhas {C}urrent in the lee of the {A}gulhas {B}ank},
  journal        = {Geophys. Res. Lett.},
  volume         = {28},
  number         = {6},
  pages          = {1055-1058},
  month          = {},
  doi            = {10.1029/1999GL011307},
  year           = 2001
}

@Article{she_klinck2000,
  author         = {She, J. and Klinck, J.M.},
  title          = {Flow near submarine canyons driven by constant wind},
  journal        = {J. Geophys. Res.},
  volume         = {105},
  number         = {C12},
  pages          = {28671-28694},
  month          = {},
  doi            = {10.1029/2000JC900126},
  year           = 2000 
}

@Article{haidvogel_etal2000,
  author         = {Haidvogel, D.B. and Arango, H.G. and Hedstr\"om, K. and Beckmann, A. and Malanotte-Rizzoli, P. and Shchepetkin, A.F.},
  title          = {Model evaluation experiments in the {N}orth {A}tlantic basin: simulations in nonlinear terrain-following coordinates},
  journal        = {Dyn. Atmos. Oceans},
  volume         = {32},
  number         = {3-4},
  pages          = {239-281},
  month          = {},
  doi            = {10.1016/S0377-0265(00)00049-X},
  year           = 2000 
}

@Article{shchepetkin_mcwilliams2005,
  author         = {Shchepetkin, A.F. and McWillians, J.C.},
  title          = {The Regional Ocean Modeling System ({ROMS}): a split-explicit, free-surface, topography following coordinates ocean model},
  journal        = {Ocean Modell.},
  volume         = {9},
  number         = {4},
  pages          = {347-404},
  month          = {},
  doi            = {10.1016/j.ocemod.2004.08.002},
  year           = 2005
}

@Article{flierl_robinson1976,
  author         = {Glenn R Flierl and Allan R Robinson},
  title          = {XBT Measurementes on Thermal Gradients in the MODE Eddy},
  journal        = {Journal Of Physical Oceanography},
  volume         = {7},
  number         = {2},
  pages          = {300-302},
  month          = {Nov},
  doi            = {10.1175/1520-0485(1977)007<0300:XMOTGI>2.0.CO;2},
  year           = 1976 
}

@Article{uda_hasunuma1969,
  author         = {M Uda and K Hasunuma},
  title          = {The Eastward Subtropical Countercurrent in the Western {N}orth {P}acific Ocean},
  journal        = {Journal of the Oceanographical Society of Japan},
  volume         = {25},
  number         = {4},
  pages          = {201-210},
  month          = {August},
  doi            = {},
  year           = 1969 
}

@Article{webb2000,
  author         = {D J Webb},
  title          = {Evidence for Shallow Zonal Jets in the {S}outh {E}quatorial {C}urrent Region of the {S}outhwest {P}acific},
  journal        = {J. Phys. Oceanogr.},
  volume         = {30},
  number         = {4},
  pages          = {706-720},
  month          = {Apr},
  doi            = {10.1175/1520-0485(2000)030<0706:EFSZJI>2.0.CO;2},
  year           = 2000 
}

@Article{zhang_etal2003,
  author         = {D Zhang and M J McPhanden and Q E Johns},
  title          = {Observational Evidence for Flow between the Sutropical and Tropical {A}tlantic: The {A}tlantic Subtropical Cells},
  journal        = {J. Phys. Oceanogr.},
  volume         = {33},
  number         = {8},
  pages          = {1783-1797},
  month          = {Aug},
  doi            = {10.1175/1520-0485(2003)033<1783:OEFFBT>2.0.CO;2},
  year           = 2003 
}

@Article{takeuchi1986,
  author         = {K Takeuchi},
  title          = {Numerical Study of the Seasonal Variations of the Subtropical Front and the Subtropical Countercurrent},
  journal        = {J. Phys. Oceanogr.},
  volume         = {16},
  number         = {5},
  pages          = {919-926},
  month          = {May},
  doi            = {10.1175/1520-0485(1986)016<0919:NSOTSV>2.0.CO;2},
  year           = 1986 
}

@Article{stramma_lutjeharms1997,
  author         = {L Stramma and J R E Lutjeharms},
  title          = {The flow field of the subtropical gyre of the {S}outh {I}ndian Ocean},
  journal        = {J. Geophys. Res.},
  volume         = {102},
  number         = {C3},
  pages          = {5513-5530},
  month          = {},
  doi            = {10.1029/96JC03455},
  year           = 1997
}

@Article{siedler_etal2006,
  author         = {G Sieldler and M Rounault and J R E Lutjeharms},
  title          = {Structure and origin of the subtropical {S}outh {I}ndian {O}cean {C}ountercurrent},
  journal        = {Geophys. Res. Let.},
  volume         = {33},
  number         = {},
  pages          = {L24609},
  month          = {December},
  doi            = {10.1029/2006GL027399},
  year           = 2006 
}

@Article{maximenko_etal2005,
  author         = {N A Maximenko and B Bang and H Sasaki},
  title          = {Observational evidence of alternating zonal jets in the world ocean},
  journal        = {Geophys. Res. Let.},
  volume         = {32},
  number         = {L12607},
  pages          = {1-4},
  month          = {June},
  doi            = {10.1029/2005GL022728},
  year           = 2005 
}

@Article{yoshida_kidokoro1967,
  author         = {Yoshida, K. and Kodokoro, T.},
  title          = {A Subtropical Countercurrent (II) - A prediction of Eastward Flows at Lower Subtropical Latitudes},
  journal        = {J. Oceanogr. Soc. Jpn.},
  volume         = {23},
  number         = {5},
  pages          = {231-246},
  month          = {October},
  doi            = {},
  year           = 1967
}

@Article{palastanga_etal2007,
  author         = {V Palastanga and P J van Leeuwen and M W Schouten and Q P M de Ruijter},
  title          = {Flow structure and variability in the subtropical {I}ndian {O}cean: Instability of the {S}outh {I}ndia {O}cean {C}ountercurrent},
  journal        = {J. Geophys. Res.},
  volume         = {112},
  number         = {},
  pages          = {C01001},
  month          = {Jan},
  doi            = {10.1029/2005JC003395},
  year           = 2007
}

@Article{qiu_etal2008,
  author         = {B Qiu and R B Scoot and S Chen},
  title          = {Length Scales of Eddy Generation and Nonlinear Evolution of the Seasonally Modulated {S}outh {P}acific {S}ubtropical {C}ountercurrent},
  journal        = {J. Phys. Oceanogr.},
  volume         = {38},
  number         = {7},
  pages          = {1515-1528},
  month          = {Jul},
  doi            = {10.1175/2007JPO3856.1},
  year           = 2008
}

@Article{qiu_chen2004,
  author         = {B Qiu and S Chen},
  title          = {Seasonal Modulations in the Eddy Field of the {S}outh {P}acific {O}cean},
  journal        = {J. Phys. Oceanogr.},
  volume         = {34},
  number         = {7},
  pages          = {1515-1527},
  month          = {Jul},
  doi            = {10.1175/1520-0485(2004)034<1515:SMITEF>2.0.CO;2},
  year           = 2004 
}

@Article{qiu1999,
  author         = {B Qiu},
  title          = {Seasonal Eddy Modulation of the {N}orth {P}acific {S}ubtropical {C}ountercurrent: {TOPEX}/{P}oseidon Observations and Theory},
  journal        = {J. Phys. Oceanogr.},
  volume         = {29},
  number         = {10},
  pages          = {2471-2486},
  month          = {October},
  doi            = {10.1175/1520-0485(1999)029<2471:SEFMOT>2.0.CO;2},
  year           = 1999 
}

@Article{morris_etal1996,
  author         = {M Morris and D Roemmich and B Cornuelle},
  title          = {Observations of Variability in the South Pacific Subtropical Gyre},
  journal        = {J. Phys. Oceanogr.},
  volume         = {26},
  number         = {11}, 
  pages          = {2359-2380},
  month          = {November},
  doi            = {10.1175/1520-0485(1996)026<2359:OOVITS>2.0.CO;2},
  year           = 1996
}

@Article{huang_qiu1998,
  author         = {R X Huang and B Qiu},
  title          = {The Struture of the Wind-Driven Circulation in the Subtropical {S}outh {P}acific Ocean},
  journal        = {J. Phys. Oceanogr.},
  volume         = {28},
  number         = {6},
  pages          = {1173-1186},
  month          = {June},
  doi            = {10.1175/1520-0485(1998)028<1173:TSOTWD>2.0.CO;2},
  year           = 1998 
}

@Article{halliwell_etal1994,
  author         = {Halliwell, G. and Olson, D. B. and Peng, G.},
  title          = {Stability of the {S}argasso {S}ea Subtropical Frontal Zone},
  journal        = {J. Phys. Oceanogr.},
  volume         = {24},
  number         = {6},
  pages          = {1166-1183},
  month          = {Jun},
  doi            = {10.1175/1520-0485(1994)024<1166:SOTSSS>2.0.CO;2},
  year           = 1994 
}

@Article{silva_etal2009,
  author         = {Silva, M. and Araujo, M. and Servain, J. and Penven, P. and Lentini, C. A. D.},
  title          = {High-resolution regional ocean dynamics simulation in the southwestern tropical Atlantic},
  journal        = {Ocean Modell.},
  volume         = {30},
  number         = {4},
  pages          = {256-269},
  doi            = {10.1016/j.ocemod.2009.07.002},
  month          = {Jul},
  year           = 2009
}

@Article{chavez_collins2000,
  author         = {Chavez, F.P. and C. Collins},
  title          = {Studies of the California Current System Part 2},
  journal        = {Deep-Sea Research II},
  volume         = {47},
  number         = {},
  pages          = {5-6},
  month          = {},
  year           = 2000
}

@Article{peterson_stramma1991,
  author         = {Peterson, R. J. and Stramma, L.},
  title          = {Upper level circulation in the {S}outh {A}tlantic ocean},
  journal        = {Prog. Oceanog.},
  volume         = {26},
  number         = {1},
  pages          = {1-73},
  month          = {},
  doi            = {10.1016/0079-6611(91)90006-8},
  year           = 1991
}      

@Article{schott_etal2005,
  author         = {Schott, F. A. and Dengler, M. and Zantopp, R. and Stramma, L. and Fisher, J. and Brandt, P.},
  title          = {The shallow and deep western boundary current circulation of {S}outh {A}tlantic at 5$^\circ${S} - 11$^\circ${S}},
  journal        = {J. Phys. Oceanogr.},
  volume         = {35},
  number         = {11},
  pages          = {2031-2053},
  month          = {Nov},
  doi            = {10.1175/JPO2813.1},
  year           = 2005
}

@Article{sverdrup1947,
  author         = {Sverdrup, H. U.},
  title          = {Wind-driven currents in a baroclinic ocean; with application to the equatorial currents of the eastern Pacific},
  journal        = {PNAS},
  volume         = {33},
  number         = {},
  pages          = {318-326},
  month          = {},
  year           = 1947
}

@Article{pickard_lindstrom1993,
  author         = {Pickard, R. S. and Lindstrom, S. S.},
  title          = {A Comparisom of Techniques for Referencing Geostrophic Velocities},
  journal        = {JAOT},
  volume         = {11},
  number         = {},
  pages          = {814-824},
  month          = {Sep},
  year           = 1993
}

@Article{harper2000,
  author         = {Harper, S.},
  title          = {Termocline ventilation and pathways of tropical-subtropical water mass exchange},
  journal        = {Tellus},
  volume         = {52},
  number         = {A},
  pages          = {330-345},
  month          = {Sep},
  year           = 2000
}

@Article{arnault1987,
  author         = {Arnault, S.},
  title          = {Tropical Atlantic geostrophic currents and ship drifts},
  journal        = {JGR},
  volume         = {92},
  number         = {},
  pages          = {5076-5088},
  month          = {Sep},
  year           = 1987
}

@Article{malanotte-rizzoli_etal2000,
  author         = {Malanotte-Rizolli, P. and Hedstrom, K. and Arango, H and Haidvogel, D. B.},
  title          = {Water mass pathways between the subtropical and tropical ocean in an climatological simulation of the North Atlantic Ocean circulation},
  journal        = {Dyn. Atmos. Oceans},
  volume         = {32},
  number         = {},
  pages          = {331-371},
  month          = {Sep},
  year           = 2000
}

@Article{pollard_read1989,
  author         = {Pollard, R. and Read, J.},
  title          = {A Method for Calibrating Shipmounted Acoustic Doppler Profilers and limitations of Gyro Compasses},
  journal        = {J. Atmos. Oceanic Technol.},
  volume         = {6},
  number         = {6},
  pages          = {859-865},
  month          = {dec},
  doi            = {10.1175/1520-0426(1989)006<0859:AMFCSA>2.0.CO;2},
  year           = 1989
}

@Article{joyce1989,
  author         = {Joyce, T. M.},
  title          = {On In Situ ``Calibration'' of Shipboard {ADCP}s},
  journal        = {J. Atmos. Oceanic Technol.},
  volume         = {6},
  number         = {1},
  pages          = {169-172},
  month          = {Feb},
  doi            = {10.1175/1520-0426(1989)006<0169:OISOSA>2.0.CO;2},
  year           = 1989
}

@Article{stommel1948,
  author         = {Stommel, H.},
  title          = {The westward intensification of wind-driven ocean currents},
  journal        = {TAGU},
  volume         = {29},
  number         = {},
  pages          = {202-206},
  month          = {},
  year           = 1948
}

@Article{qu_lukas2003,
  author         = {Qu, T. and Lukas, R.},
  title          = {The bifurcation of the North Equatorial Current in the Pacific},
  journal        = {JPO},
  volume         = {33},
  number         = {},
  pages          = {5-18},
  month          = {},
  year           = 2003
}

@Article{wienders_etal2000,
  author         = {Wienders, N. and Arhan, M and Mercier, H.},
  title          = {Circulation at the western boundary of the South and Equatorial Atlantic: exchanges with the ocean interior},
  journal        = {JMR},
  volume         = {58},
  number         = {},
  pages          = {1007-1039},
  month          = {},
  year           = 2000
}

@Article{talley2003,
  author         = {Talley, L. D.},
  title          = {Shallow, intermediate, and deep overturning components of the global heat budget},
  journal        = {JPO},
  volume         = {33},
  number         = {},
  pages          = {530-560},
  month          = {},
  year           = 2003
}

@Article{ganachaud2003,
  author         = {Ganachaud, A.},
  title          = {Large-scale mass transports, water mass formation, and diffusivities estimated from World Ocean circulation Experiment (WOCE) hydrographic data},
  journal        = {JGR},
  volume         = {108},
  number         = {3216},
  pages          = {DOI:10.1029/2002JC001565},
  month          = {},
  year           = 2003 
}

@Article{lumpkin_speer2003,
  author         = {Lumpkin, R. and Speer, K.},
  title          = {Large-scale vertical and horizontal circulation in the North Atlantic Ocean},
  journal        = {JPO},
  volume         = {33},
  number         = {},
  pages          = {1902-1920},
  month          = {},
  year           = 2003
}

@Article{rodrigues_etal2007,
  author         = {Rodrigues, R. R. and  Rothstein, L. M. and Wimbush, M.},
  title          = {Seasonal Variability of the {S}outh {E}quatorial {C}urrent Bifurcation in the {A}tlantic Ocean: A Numerical Study},
  journal        = {J. Phys. Oceanogr.},
  volume         = {37},
  number         = {1},
  pages          = {16-30},
  month          = {May},
  doi            = {10.1175/JPO2983.1}, 
  year           = 2007
}

@Article{sutton_chereskin2002,
  author         = {Sutton, P. J. H. and Chereskin, T. K.},
  title          = {Absolute geostrophic currents in the East Australian Auckland Current region},
  journal        = {NZJMFWR},
  volume         = {36},
  number         = {},
  pages          = {751-762},
  month          = {},
  year           = 2002
}

@Article{stramma_etal1995,
  Author         = {Stramma, L. and Fischer, J. and Reppin, J.},
  Title          = {The {N}orth {B}razil {U}ndercurrent},
  Journal        = {Deep Sea Res. Part I},
  Volume         = {42},
  Number         = {5},
  Pages          = {773-795},
  month          = {May},
  doi            = {10.1016/0967-0637(95)00014-W},
  year           = 1995
}

@Article{miranda_castro1981,
  Author         = {Miranda, L. B. and Castro, B. M.},
  Title          = {Geostrophic flow conditions at 19$^{\circ}$ {S}},
  Journal        = {Ciência Interamericana},
  Volume         = {22},
  Number         = {1-2},
  Pages          = {44-48},
  year           = 1981
}

@Article{stramma1991,
  Author         = {Stramma, L.},
  Title          = {Geostrophic Transport of the {S}outh {E}quatorial {C}urrent in the {A}tlantic},
  Journal        = {J. Mar. Res.},
  Volume         = {49},
  Number         = {2},
  Pages          = {281-294},
  month          = {May},
  doi            = {10.1357/002224091784995864},
  year           = 1991
}


@Article{james_etal1999,
  author         = {James, C. and Wimbush, M. and Ichikawa, H.},
  title          = {Kuroshio meanders in the East China Sea},
  journal        = {JPO},
  volume         = {29},
  number         = {},
  pages          = {259-272},
  month          = {},
  year           = 1999
}

@Article{charney_stern1962,
  author         = {Charney, J.G. and Stern, M.},
  title          = {On the stability of internal baroclinic jets in a rotating atmosphere.},
  journal        = {JAS},
  volume         = {19},
  number         = {},
  pages          = {159-172},
  month          = {},
  year           = 1962
}

@Article{eady1949,
  author         = {Eady, E. T.},
  title          = {Long waves and cyclone waves},
  journal        = {TL},
  volume         = {1},
  number         = {},
  pages          = {33-52},
  month          = {},
  year           = 1949
}


@Article{charney1954,
  author         = {Charney, J.G.},
  title          = {The dynamics of long waves in a baroclinic westerly current},
  journal        = {JM},
  volume         = {4},
  number         = {},
  pages          = {135-163},
  month          = {},
  year           = 1954
}


@Article{johns1988,
  author         = {Johns, W. E.},
  title          = {One-dimensional baroclinically unstable wavwa on the Gulf Stream Potencial Vorticity Gradient near Cape Hatteras},
  journal        = {DAO},
  volume         = {11},
  number         = {},
  pages          = {323-350},
  month          = {},
  year           = 1988
}

@Article{fu1981,
  author         = {Fu, L.},
  title          = {The general circulation and meridional heat transport of the subtropical South Atlantic determined by inverse method},
  journal        = {JPO},
  volume         = {11},
  number         = {},
  pages          = {1171-1193},
  month          = {},
  year           = 1981
}

@Article{muller_etal1998,
  author         = {M\"uller, J. M. and Ikeda, Y. and Zangenberg, N. and Nonato, L. V.},
  title          = {Direct measurements of western boundary currents off Brazil between 20$^\circ$ S and 28$^\circ$ S},
  journal        = JGR,
  volume         = {103},
  number         = {C3},
  pages          = {5429-5437},
  month          = {},
  year           = 1998
}

@Article{urbano_silveira2003,
  author         = {Urbano, D. F. and Silveira, I. C. A.},
  title          = {Estrutura dinâmica das contra-correntes equatoriais do Oceano Atlântico ao longo de 44$^\circ$ W},
  journal        = RBGf,
  volume         = {21},
  number         = {2},
  pages          = {145-162},
  month          = {},
  year           = 2003
}
@Article{silveira_etal2003,
  author         = {Silveira, I. C. A. and Calado, L. and Francisco, C. P. F.},
  title          = {Instabilidade linear de cisalhamento vertical em jatos geofísicos meridionais},
  journal        = RBGf,
  volume         = {21},
  number         = {2},
  pages          = {133-145},
  month          = {},
  year           = 2003
}

@Article{lippert_briscoe1990,
  author         = {Lippert, A. and Briscoe, M. G.},
  title          = {Observations and EOF analysis of low frequency variability in the western part of the Gulf Stream recirculation},
  journal        = JPO,
  volume         = {20},
  number         = {},
  pages          = {646-656},
  month          = {},
  year           = 1990
}

@Article{kundu_etal1976,
  author         = {Kundu, P.K.and Allen, J. S. and Smith, R.L.},
  title          = {Modal decomposition of the velocity near the Oregon coast},
  journal        = JPO,
  volume         = {5},
  number         = {},
  pages          = {683-704},
  month          = {},
  year           = 1976
}

@Article{denbo_allen1984,
  author         = {Denbo, D. W. and Allen, J. S.},
  title          = {Rotary empirical orthogonal functions analysis of currents near the Oregon coast},
  journal        = JPO,
  volume         = {14},
  number         = {},
  pages          = {35-46},
  month          = {},
  year           = 1984
}

@Article{pinardi_robinson1987,
  author         = {Pinardi, N. and Robinson, A. R.},
  title          = {Dynamics of deep thermocline jets in the POLYMODE region},
  journal        = JPO,
  volume         = {17},
  number         = {},
  pages          = {1163-1188},
  month          = {},
  year           = 1987
}

@Article{ezer_mellor1994,
  author         = {Ezer, T. and Mellor, G. L.},
  title          = {Diagnostic and prognostic calculations for the North Atlantic circulation and sea level using a sigma coordinate model},
  journal        = JGR,
  volume         = {99},
  number         = {14},
  pages          = {14159-14171},
  month          = {},
  year           = 1994
}

@Article{mellor_etal1994,
  author         = {Mellor, G. L. and Ezer, T. and Oey, L.-Y.},
  title          = {The pressure gradient counudrum of sigma coordinate ocean models},
  journal        = JAOT,
  volume         = {11},
  number         = {},
  pages          = {},
  month          = {1126-1134},
  year           = 1994
}

@Article{allen_etal1995,
  author         = {Allen, J. S. and Newberger, P. A. and Frederiuk, J.},
  title          = {Upwelling circulation on the Oregon continental shelf. Part I: Response to idealized forcing},
  journal        = JPO,
  volume         = {25},
  number         = {},
  pages          = {1843-1866},
  month          = {},
  year           = 1995
}

@Article{mellor_yamada1982,
  author         = {Mellor, G. L. and Yamada, T.},
  title          = {Development of turbulent closure model for geophysical fluid dynamics problems},
  journal        = RGSP,
  volume         = {20},
  number         = {},
  pages          = {851-875},
  month          = {},
  year           = 1992
}

@Article{mariano1989,
  author         = {Mariano, A. J.},
  title          = {Estimation of mesoscale vertical derivatives of potential temperature and density from hydrographic data},
  journal        = JAOT,
  volume         = {6},
  number         = {6},
  pages          = {1013-1023},
  month          = {},
  year           = 1989
}

@Article{mariano_brown1992,
  author         = {Mariano, A. J. and Brown, O. B.},
  title          = {Efficient objective analysis of dynamically heterogeneous and nonstationary fields via the parameter matrix},
  journal        = DSR,
  volume         = {39},
  number         = {7/8},
  pages          = {1255-1271},
  month          = {},
  year           = 1992
}

@Article{miranda_castro1979,
  author         = {Miranda, L.B. and Castro Filho, B. M.},
  title          = {Condi\c c\~oes do movimento geostr\'ofico das \'aguas adjacentes a Cabo Frio (RJ). },
  journal        = BIO,
  volume         = {28},
  number         = {2},
  pages          = {79-83},
  month          = {},
  year           = 1979
}

@Article{evans_etal1983,
  author         = {Evans, D.L. and Signorini, S. R. and Miranda, L.B.},
  title          = {A note on the transport of the {B}razil {C}urrent},
  journal        = {J. Phys. Oceanogr.},
  volume         = {13},
  number         = {9},
  pages          = {1732-1738},
  month          = {},
  doi            = {10.1175/1520-0485(1983)013<1732:ANOTTO>2.0.CO;2},
  year           = 1983
}

@Article{evans_signorini1985,
  author         = {Evans, D.L. and Signorini, S. R.},
  title          = {Vertical structure of the {B}razil {C}urrent},
  journal        = {Nature},
  volume         = {315},
  number         = {},
  pages          = {48-50},
  month          = {},
  doi            = {10.1038/315048a0},
  year           = 1985
}

@Article{stramma1989,
  author         = {Stramma, L.},
  title          = {The Brazil Current transport south of 23$^\circ$S},
  journal        = DSR,
  volume         = {36},
  number         = {},
  pages          = {639-646},
  month          = {},
  year           = 1989
}

@Article{tomczak_etal1996,
  author         = {Tomczak, M. and Otto, P. and Church, J and Boland, F.,},
  title          = {Transport estimates for the East Australian Current from PCM3 mooring array},
  journal        = {},
  volume         = {23},
  number         = {},
  pages          = {29-30},
  month          = {},
  year           = 1996
}

@Article{stommel1958,
  author         = {Stommel, H.},
  title          = {The abyssal circulation},
  journal        = DSR,
  volume         = {5},
  number         = {},
  pages          = {80-82},
  month          = {},
  year           = 1958
}

@Article{provost_etal1995,
  author         = {Provost, C. and Gana, s. and Gar\c{c}on, V. and Maamaatauiahutapu, K. and England, M.},
  title          = {Hydrographic conditions in the Brazil-Malvianas confluence during austral summer 1990},
  journal        = JGR,
  volume         = {100},
  number         = {},
  pages          = {10665-10678},
  month          = {},
  year           = 1995
}

@Article{larque_etal1997,
  author         = {Larqué, L. and Maamaatauiahutapu, K. and Garçon, V.},
  title          = {On the intermediate and deep water flows in the South Atlantic Ocean},
  journal        = JGR,
  volume         = {102},
  number         = {12},
  pages          = {12425-12440},
  month          = {},
  year           = 1997
}

@Article{gordon_greengrove1986,
  author         = {Gordon, A.L. and Greengrove, C. H.},
  title          = {Geostrophic circulation of the {B}razil-{F}alkland confluence},
  journal        = DSR,
  volume         = {33},
  number         = {5},
  pages          = {573-585},
  month          = {},
  year           = 1986
}

@Article{weatherly1993,
  author         = {Weatherly, G.L.},
  title          = {On deep-current and hydrographic observations from a mudwave region and elsewhere in the Argentine basin},
  journal        = DSR,
  volume         = {40},
  number         = {4/5},
  pages          = {939-961},
  month          = {},
  year           = 1993
}

@Article{emilson1961,
  author         = {Emilson, I.},
  title          = {The shelf and coastal waters off Sourthern Brazil},
  journal        = BIO,
  volume         = {17},
  number         = {2},
  pages          = {101-112},
  month          = {},
  year           = 1961
}

@Article{memery_etal2000,
  author         = {Mémery, L. and Arhan, M. and Alvarez-Salgado, X. A. and Messia, M-J. and Mercier, H. and Castro, C. G. and Rios, A. F.},
  title          = {The water masses along the western boundary of the south and equatorial Atlantic},
  journal        = POc,
  volume         = {47},
  number         = {},
  pages          = {69-98},
  month          = {},
  year           = 2000
}

@Article{calado_etal2006,
  author         = {Calado, L. and Gangopadhyay, A. and  Silveira, I. C. A},
  title          = {A parametric model for the {B}razil {C}urrent meanders and eddies off {S}outheastern {B}rasil},
  journal        = GRL,
  volume         = {33},
  number         = {},
  pages          = {LI2602},
  month          = {},
  year           = 2006
}

@Article{schmid_etal2000,
  author         = {Schmid, C. and Siedler, G. and Zenk, W.},
  title          = {Dynamics of the Intermediate Water in the Subtropical South Atlantic},
  journal        = JPO,
  volume         = {30},
  number         = {},
  pages          = {3191-3211},
  month          = {},
  year           = 2000
}

@Article{mahiques_etal2005,
  author         = {Mahiques, M. M. and Bícego, M. C. and  Silveira, I. C. A. and Sousa, S. H. M. and Lourenço, R.A. and Fukamoto, M. M.},
  title          = {Modern sedimentation in the Cabo Frio upwelling system, Southeastern Brazilian shelf},
  journal        = AABC,
  volume         = {73},
  number         = {3},
  pages          = {535-548},
  month          = {},
  year           = 2005
}

@Article{mahiques_etal2004,
  author         = {Mahiques, M. M. and Tessler, M. G. and Ciotti, A. M. and  Silveira, I. C. A. and Sousa, S. H. M. and Figureira, R. L., Tassinari, C. C. G. and Furtado, V. V. and Passos, R. F.},
  title          = {Hydrodynamically driven patterns of modern sedimentation in the shelf and upper slope off Southeast Brazil },
  journal        = CSR,
  volume         = {24},
  number         = {},
  pages          = {1685-1697},
  month          = {},
  year           = 2004
}

@Article{viana_etal1998,
  author         = {Viana, A. R. and Faugères, J. C. and Kowsmann, R. O. and Lima, J. A. M. and Caddah, L. F. G. and Rizzo, J. G.},
  title          = {Hydrology, morphology and sedimentology of the Campos continental margin, offshore Brazil},
  journal        = SG,
  volume         = {115},
  number         = {},
  pages          = {133-157},
  month          = {},
  year           = 1998
}

@Article{tapley_etal2004,
  author         = {Tapley, B. D. and Bettadpur, S. and Watkins, M. and Reigber, C.},
  title          = {The gravity recovery and climate experiment: Mission overview and early results},
  journal        = GRL,
  volume         = {31},
  number         = {9},
  pages          = {L09607},
  month          = {},
  year           = 2004
}

@Article{yoshida_kidokoro1967b,
  author         = {Yoshida, Y. and Kidokoro, T.},
  title          = {A Subtropical Countercurrent (II) - A prediction of eastward flows at lower subtropical latitudes},
  journal        = JOSJ,
  volume         = {23},
  number         = {5},
  pages          = {231-246},
  month          = {},
  year           = 1967
}

@Article{yoshida_kidokoro1967a,
  author         = {Yoshida, Y. and Kidokoro, T.},
  title          = {A Subtropical Counter-current in the North Pacific - An eastward flow near the Subtropical Convergence},
  journal        = JOSJ,
  volume         = {23},
  number         = {2},
  pages          = {88-91},
  month          = {},
  year           = 1967
}

@Article{stommel_etal1978,
  author         = {Stommel, H. and Niiler, P. and Anati, D.},
  title          = {Dynamic topography and recirculation of the North Atlantic},
  journal        = JMR,
  volume         = {36},
  number         = {3},
  pages          = {449-468},
  month          = {},
  year           = 1978
}

@Article{reid_etal1977,
  author         = {Reid, J. L. and Nowlin, W. D. and Patzert, W. C.},
  title          = {On the characteristics and circulation of the southwestern Atlantic Ocean},
  journal        = JPO,
  volume         = {7},
  number         = {1},
  pages          = {62–91},
  month          = {},
  year           = 1977
}

@Article{wyrtki1975,
  author         = {Wyrtki, K.},
  title          = {Fluctuations of the dynamic topography in the Pacific Ocean},
  journal        = JPO,
  volume         = {5},
  number         = {3},
  pages          = {},
  month          = {450–459},
  year           = 1975
}

@Article{reid1978,
  author         = {Reid, J. L.},
  title          = {On the mid-depth circulation and salinity field in the North Atlantic Ocean},
  journal        = JGR,
  volume         = {83},
  number         = {C10},
  pages          = {5063-5067},
  month          = {},
  year           = 1978
}

@Article{reid_mantyla1978,
  author         = {Reid, J. L. and Mantyla, A. W.},
  title          = {On the mid-depth circulation of the North Pacific Ocean},
  journal        = JPO,
  volume         = {8},
  number         = {6},
  pages          = {946–951},
  month          = {},
  year           = 1978
}

@Article{hasunuma_yoshida1978,
  author         = {Hasunuma, K. and Yoshida, K.},
  title          = {Splitting of the subtropical gyre in the western North Pacific},
  journal        = JOSJ,
  volume         = {34},
  number         = {4},
  pages          = {160-172},
  month          = {},
  year           = 1978
}

@Article{uda_hasunuma1969,
  author         = {Uda, M. and Hasunuma, K.},
  title          = {The eastward Subtropical Countercurrent in the western North Pacific Ocean},
  journal        = JOSJ,
  volume         = {25},
  number         = {4},
  pages          = {201-210},
  month          = {},
  year           = 1969
}

@Article{gordon_greengrove1986,
  author         = {Gordon, A. L. and Greengrove, C. L.},
  title          = {Geostrophic circulation on the Brazil-Falkland Confluence},
  journal        = DSR,
  volume         = {33},
  number         = {5},
  pages          = {573-585},
  month          = {},
  year           = 1986
}

@Article{xue_mellor1993,
  author         = {Xue, H. J. and Mellor, G.},
  title          = {Instability of the Gulf-Stream Front in the South-Atlantic Bight},
  journal        = JPO,
  volume         = {23},
  number         = {11},
  pages          = {2326-2350},
  month          = {},
  year           = 1993
}

@Article{lentini_etal2002,
  author         = {Lentini, C. A. D. and Olson, D. B. and Podesta, G. P.},
  title          = {Statistics of Brazil Current rings observed from AVHRR: 1993 to 1998},
  journal        = GRL,
  volume         = {29},
  number         = {16},
  pages          = {1811},
  month          = {},
  year           = 2002
}

@Article{olson_etal1988,
  author         = {Olson, D. B. and Podesta, G. P. and Evans, R. H. and Brown, O. B.},
  title          = {Temporal variations in the separation of Brazil and Malvinas currents},
  journal        = DSR,
  volume         = {35},
  number         = {12},
  pages          = {1971-1990},
  month          = {},
  year           = 1988
}

@Article{olson_etal1983,
  author         = {Olson, D. B. and Brown, O. B. and Emmerson, S. R.},
  title          = {Gulf Stream frontal statistics from Florida straits to Cape Hatteras derived from satellite and historical data},
  journal        = JGR,
  volume         = {88},
  number         = {},
  pages          = {4569-4577},
  month          = {},
  year           = 1983
}

@Article{hansen1970,
  author         = {Hansen, D. V.},
  title          = {Gulf Stream meanders between Cape Hatteras and the Grand Banks},
  journal        = DSR,
  volume         = {17},
  number         = {3},
  pages          = {495-511},
  month          = {},
  year           = 1970
}

@Article{campos_etal2000,
  author         = {Campos, E. D. J. and Velhote, D. and Silveira, I. C. A.},
  title          = {Shelf break upwelling driven by {B}razil {C}urrent cyclonic meanders},
  journal        = GRL,
  volume         = {27},
  number         = {6},
  pages          = {751-754},
  month          = {},
  year           = 2000
}

@Article{flierl_davis1993,
  author         = {Flierl, G. R. and Davis, C. S.},
  title          = {Biological effects of Gulf Stream meandering},
  journal        = JMR,
  volume         = {51},
  number         = {3},
  pages          = {529-560},
  month          = {},
  year           = 1993
}

@Article{thompson_flierl1993,
  author         = {Thompson, L. and Flierl, G. R.},
  title          = {Barotropic flow over finite isolated topography: steady solutions on the beta-plane and the initial value problem},
  journal        = JFM,
  volume         = {250},
  number         = {},
  pages          = {553-586},
  month          = {},
  year           = 1993
}

@Article{yano_flierl1992,
  author         = {Jun-Ichi Yano and Glenn R. Flierl},
  title          = {Isolated potential vorticity patches in quasi-geostrophic zonal shear flows},
  journal        = DAO,
  volume         = {16},
  number         = {6},
  pages          = {439-472},
  month          = {},
  year           = 1992
}

@Article{yasuda_flierl1997,
  author         = {Yasuda, I. and Flierl, G. R.},
  title          = {Two-dimensional asymmetric vortex merger: merger dynamics and critical merger distance},
  journal        = DAO,
  volume         = {26},
  number         = {3},
  pages          = {159-181},
  month          = {},
  year           = 1997
}

@Article{hooker_brown1996,
  author         = {Hooker, S. B. and Brown, J. W.},
  title          = {Dipole rings and vortex interactions of the Brazil current},
  journal        = ITGR,
  volume         = {34},
  number         = {6},
  pages          = {1323-1330},
  month          = {},
  year           = 1996
}

@Article{werner_etal2000,
  author         = {Werner, T. B. and Pinto, L. P. and Dutra, G. F. and Pereira, P. G. D.},
  title          = {Abrolhos 2000: Conserving the southern Atlantic's richest coastal biodiversity into the next century},
  journal        = {Coast. Manage.},
  volume         = {28},
  number         = {1},
  pages          = {99-108},
  month          = {},
  year           = 2000
}

@Article{gaeta_etal1999,
  author         = {Gaeta, S. A. and Lorenzzetti, J. A. and Miranda, L. B. and Susini-Ribeiro, S. and Pompeu, M.},
  title          = {The Vitória Eddy and its relation to the phytoplankton biomass and primary productivity during tha austral 1995},
  journal        = {Arch. Fish.Mar. Res.},
  volume         = {47},
  number         = {},
  pages          = {253-270},
  month          = {},
  year           = 1999
}

@Article{castro_miranda1998,
  author         = {Castro, B. M. and Miranda, L. B.},
  title          = {Physical oceanography of the western atlantic continental shelf located between 4$^\circ$N and 34$^\circ$S},
  journal        = ThS,
  volume         = {11},
  number         = {},
  pages          = {209-251},
  month          = {},
  year           = 1998
}

@Article{viera_grimshaw1994,
  author         = {Viera, F. and Grimshaw, R.},
  title          = {Topography forcing of coastal mesoscale phenomena - filamentation, vortex formation, and eddy detachment},
  journal        = JPO,
  volume         = {24},
  number         = {7},
  pages          = {1433-1448},
  month          = {},
  year           = 1994
}

@Article{thompson1993,
  author         = {Thompson, L.},
  title          = {Two-layer qusi-geostrophic flow over finite isolated topography},
  journal        = JPO,
  volume         = {23},
  number         = {7},
  pages          = {1297-1314},
  month          = {},
  year           = 1993
}

@Article{flierl1999,
  author         = {Flierl, G. R.},
  title          = {Thin jet and contour dynamics models of Gulf Stream meandering},
  journal        = DAO,
  volume         = {29},
  number         = {2-4},
  pages          = {189-215},
  month          = {},
  year           = 1999
}

@Article{meacham1991,
  author         = {Meacham, S. P.},
  title          = {Meander evolution on piecewise-uniform, quasi-geostrophic jets},
  journal        = JPO,
  volume         = {21},
  number         = {8},
  pages          = {1139-1170},
  month          = {},
  year           = 1991
}

@Article{pratt_etal1991,
  author         = {Pratt, L. J. and Earles, J. and Cornillon, P. and Cayula, J. F.},
  title          = {The nolinear behavior of varicose disturbances in a simple-model of the Gulf Stream},
  journal        = DSR,
  volume         = {38},
  number         = {},
  pages          = {S591-S622},
  month          = {},
  year           = 1991
}

@Article{polvani_etal1989,
  author         = {Polvani, L. M. and Zabusky, N. J and Flierl, G. R.},
  title          = {Two-layer geostrophic vortex dynamics .1. Upper-layer v-states and merger},
  journal        = JFM,
  volume         = {205},
  number         = {},
  pages          = {215-242},
  month          = {},
  year           = 1989
}

@Article{polvani1991,
  author         = {Polvani, L. M.},
  title          = {Two-layer geostrophic vortex dynamics .2. Alignment and two-layer v-sates},
  journal        = JFM,
  volume         = {225},
  number         = {},
  pages          = {241-270},
  month          = {},
  year           = 1991
}

@Article{pratt_stern1986,
  author         = {Pratt, L. J. and Stern, M. E.},
  title          = {Dynamics of potential vorticity fronts and eddy detachment},
  journal        = JPO,
  volume         = {16},
  number         = {6},
  pages          = {1101-1120},
  month          = {},
  year           = 1986
}

@Article{stern1985,
  author         = {Stern, M. E.},
  title          = {Lateral wave breaking and shingle formation in large-scale shear-flow},
  journal        = JPO,
  volume         = {15},
  number         = {10},
  pages          = {1274-1283},
  month          = {},
  year           = 1985
}

@Article{pullin1992,
  author         = {Pullin, D. I.},
  title          = {Contour Dynamics method},
  journal        = ARFM,
  volume         = {24},
  number         = {},
  pages          = {89-115},
  month          = {},
  year           = 1992
}

@Article{schmid_etal1995,
  author         = {Schmid, C. H. and Schafer, H. and Podesta, G. and Zenk, W.},
  title          = {The Vitória Eddy and its relation to the Brazil Current},
  journal        = JPO,
  volume         = {25},
  number         = {11},
  pages          = {2532-2546},
  month          = {},
  year           = 1995
}

@Article{johns1988,
  author         = {Johns, W. E.},
  title          = {One-dimensional baroclinically unstable waves on the Gulf Stream potencial vorticity gradient near Cape Hatteras},
  journal        = DAO,
  volume         = {11},
  number         = {3-4},
  pages          = {323-350},
  month          = {},
  year           = 1988
}

@Article{wust1936,
  author         = {W\"ust, G.},
  title          = {Schichtung und Zirukation des Atlantischen Ozeans: Das Bodenwasser und die gliederung der Atlantischen Tiefsee},
  journal        = {Wissenschaftliche Ergebnisse der Deutschen Atlantischen Expedition ``Meteor'' 1925-1927},
  volume         = {VI},
  number         = {1},
  pages          = {3-107},
  month          = {},
  year           = 1936
}

@Article{tsuchiya1985,
  author         = {Tsuchiya, M.},
  title          = {Evidence of a double-cell subtropical gyre in the {S}outh {A}tlantic {O}cean},
  journal        = JMR,
  volume         = {43},
  number         = {1},
  pages          = {57-65},
  month          = {},
  year           = 1985
}

@Article{tsuchiya_etal1994,
  author         = {Tsuchiya, M. and Talley, L. D. and McCartney, M. S.},
  title          = {Circulation of the {A}ntarctic {I}ntermediate {W}ater in the {N}orth {A}tlantic},
  journal        = JMR,
  volume         = {47},
  number         = {},
  pages          = {747-755},
  month          = {},
  year           = 1994
}

@Article{tomczak1981,
  author         = {Tomczak, M.},
  title          = {A multiparameter extension of temperatura/salinity diagram techniques for the analysis of non-isopycnal mixing.},
  journal        = POc,
  volume         = {10},
  number         = {3},
  pages          = {147-171},
  month          = {},
  year           = 1981
}

@Article{sprintall_tomczak1993,
  author         = {Sprintall, J. and Tomczak, M.},
  title          = {On the formation of Central Water and thermocline ventilation in the southern hemisphere},
  journal        = DSR,
  volume         = {40},
  number         = {4},
  pages          = {827-848},
  month          = {},
  year           = 1993
}

@Article{silveira_etal1999,
  author         = {Silveira, I. C. A. and Flierl, G. R. and Brown, W. S.},
  title          = {Dynamics of separating western boundary currents},
  journal        = JPO,
  volume         = {29},
  number         = {2},
  pages          = {119-144},
  month          = {},
  year           = 1999
}

@Article{silveira_flierl2002,
  author         = {Silveira, I. C. A. and Flierl, G. R.},
  title          = {Eddy formation in 2-\nicefrac{1}{2} layer, quasigeostrophic jets},
  journal        = JPO,
  volume         = {32},
  number         = {3},
  pages          = {729-745},
  month          = {},
  year           = 2002
}

@Article{silveira_etal1994,
  author         = {Silveira, I. C. A. and Miranda, L. B. and Brown, W. S.},
  title          = {On the origins of the {N}orth {B}razil {C}urrent},
  journal        = {J. Geophys. Res.},
  volume         = {99},
  number         = {C11},
  pages          = {22501-22512},
  month          = {},
  year           = 1994
}

@Article{silveira_etal2004,
  author         = {Silveira, I. C. A. and Calado, L. and Castro, B. M. and Cirano, M. and Lima, J. A. M. and Mascarenhas, A. S.},
  title          = {On the baroclinic structure of the {B}razil {C}urrent-{I}ntermediate {W}estern {B}oundary {C}urrent {S}ystem},
  journal        = GRL,
  volume         = {31},
  number         = {14},
  pages          = {L14308},
  month          = {},
  year           = 2004
}

@Article{signorini1978,
  author         = {Signorini, S. R.},
  title          = {On the circulation and the volume transport of the Brazil Current between the Cape of São Tomé and Guanabara Bay},
  journal        = DSR,
  volume         = {25},
  number         = {5},
  pages          = {481-490},
  month          = {},
  year           = 1978
}

@Article{sandstrom_helland1903,
  author         = {Sandstr\"om, J. W. and Helland-Hansen, B.},
  title          = {\"Ubber die Berechnung von Meerestr\"omungen},
  journal        = {Rept. Norwegian Fishery and Marine Investigations},
  volume         = {2},
  number         = {4},
  pages          = {72-233},
  month          = {},
  year           = 1903
}

@Article{reid1989,
  author         = {Reid, J. L.},
  title          = {On the total geostrophic circulation of the {S}outh {A}tlantic Ocean: {F}low patterns, tracers and transports},
  journal        = {Prog. Oceanog.},
  volume         = {23},
  number         = {3},
  pages          = {149-244},
  month          = {},
  doi            = {DOI: 10.1016/0079-6611(89)90001-3},
  year           = 1989
}

@Article{mascarenhas_etal1971,
  author         = {Mascarenhas, A. S. and Miranda, L. B. and Rock, N. J.},
  title          = {A study of oceanographic conditions in the region of {C}abo {F}rio},
  journal        = {Costlow J. D.},
  volume         = {1},
  number         = {},
  pages          = {285:308},
  month          = {},
  year           = 1971
}

@Article{houry_etal1987,
  author         = {Houry, S. and Dombrowsky, E. and De Mey, P. and Minster, J.-F.},
  title          = {Brunt-V\"ais\"al\"a frequency and rossby radii in the South Atlantic},
  journal        = JPO,
  volume         = {17},
  number         = {10},
  pages          = {1619-1626},
  month          = {},
  year           = 1987
}

@Article{emery_meincke1986,
  author         = {Emery, W. J. and Meincke, J.},
  title          = {Global water masses: summary and review},
  journal        = OAc,
  volume         = {9},
  number         = {4},
  pages          = {383-391},
  month          = {},
  year           = 1986
}

@Article{denman_freeland1985,
  author         = {Denman, K. L. and Freeland, H. J.},
  title          = {Correlation scales, objective mapping and a statistical test of geostrophy over the continental shelf},
  journal        = JMR,
  volume         = {43},
  number         = {3},
  pages          = {517-539},
  month          = {},
  year           = 1985
}

@Article{defant1936,
  author         = {Defant, A.},
  title          = {Schichtung und Zirkulation des Atlantischen Ozeans: Die Troposph\"are},
  journal        = {Wissenschaftliche Ergebnisse der Deutschen Atlantischen Expedition ``Meteor'' 1925-1927},
  volume         = {VI},
  number         = {1},
  pages          = {289-411},
  month          = {},
  year           = 1936
}

@Article{boebel_etal1997,
  author         = {B\"oebel, O. and Schmid, C. and Zenk, W.},
  title          = {Flow and recirculation of Antartic Intermediate Water across the Rio Grande Rise},
  journal        = JGR,
  volume         = {102},
  number         = {C9},
  pages          = {20967-20986},
  month          = {},
  year           = 1997
}

@Article{boebel_etal1999,
  author         = {B\"oebel, O. and Davis, R. E. and Ollitraut, M. and Peterson, R. G. and Richard, P. L. and Schmid, C. and Zenk, W.},
  title          = {The intermediate depth circulation of the {W}estern {S}outh {A}tlantic},
  journal        = GRL,
  volume         = {26},
  number         = {21},
  pages          = {3329-3332},
  month          = {},
  year           = 1999
}

@Article{tomczak1999,
  author         = {Tomczak, M.},
  title          = {Some historical, theoretical and applied aspects of quantitative water mass analysis},
  journal        = JMR,
  volume         = {57},
  number         = {2},
  pages          = {275-303},
  month          = {},
  year           = 1999
}

@Article{stramma_england1999,
  author         = {Stramma, L. and England, M.},
  title          = {On the water masses and mean circulation of the {S}outh {A}tlantic {O}cean},
  journal        = {J. Geophys. Res.},
  volume         = {104},
  number         = {C9},
  pages          = {20863-20883},
  month          = {},
  year           = 1999
}

@Article{stramma_peterson1990,
  author         = {Stramma, L. and Peterson, R. G..},
  title          = {The South Atlantic Current},
  journal        = JPO,
  volume         = {20},
  number         = {},
  pages          = {846-859},
  month          = {},
  year           = 1990
}

@Article{stramma_etal1990,
  author         = {Stramma, L. and Ikeda, Y. and Peterson, R. G.},
  title          = {Geostrophic transport in the {B}razil {C}urrent north of 20$^\circ${S}},
  journal        = {Deep-Sea Res. Part A},
  volume         = {37},
  number         = {12},
  pages          = {1875-1886},
  month          = {},
  doi            = {10.1016/0198-0149(90)90083-8},
  year           = 1990
}

@Article{shtokman1943,
  author         = {Shtokman, V. B.},
  title          = {Geometrical proprieties of $\theta$−S curves in the mixing of three water masses in a infinite sea},
  journal        = {Problems of Artic},
  volume         = {1},
  number         = {},
  pages          = {32-71},
  month          = {},
  year           = 1943
}

@Article{campos_etal1995,
  author         = {Campos, E. J. D. and Gonçalves, J. E. and Ikeda, Y.},
  title          = {Water mass structure and geostrophic circulation in the {S}outh {B}razil {B}ight - summer of 1991},
  journal        = JGR,
  volume         = {100},
  number         = {C9},
  pages          = {18537-18550},
  month          = {},
  year           = 1995
}

@Article{silveira_etal2000B,
  author         = {Silveira, I. C. A. and Brown, W. S. and Flierl, G. R.},
  title          = {Dynamics of the {N}orth {B}razil {C}urrent retroflection from the {WESTRAX} observations},
  journal        = {J. Geophys. Res.},
  volume         = {105},
  number         = {C12},
  pages          = {28559-28583},
  month          = {},
  year           = 2000
}

@Article{silveira_etal2000A,
  author         = {Silveira, I. C. A. and Schmidt, A. C. K. and Campos, E. J. D. and Godoi, S. S. and Ikeda, Y.},
  title          = {A Corrente do Brasil ao largo da costa leste brasileira},
  journal        = RBO,
  volume         = {48},
  number         = {2},
  pages          = {171-183},
  month          = {},
  year           = 2000
}

@Article{rhines_schopp1991,
  author         = {Rhines, P. B. and Schopp, R.},
  title          = {The wind-driven circulation: quasi-geostrophic simulations and theory of nonsymmetric winds},
  journal        = JPO,
  volume         = {21},
  number         = {9},
  pages          = {1438-1469},
  month          = {},
  year           = 1991
}

@Article{reid_mantyla1976,
  author         = {Reid, J. L. and Mantyla, A. W.},
  title          = {Effect of the geostrophic flow upon coastal sea elevations in the Northern North Pacific Ocean},
  journal        = JGR,
  volume         = {81},
  number         = {C18},
  pages          = {3100-3110},
  month          = {},
  year           = 1976
}


@Article{reid_etal1977,
  author         = {Reid, J. L. and Nowlin, W. D. and Patzert, W. P.},
  title          = {On the characteristics and circulation of the southwestern Atlantic Ocean},
  journal        = JPO,
  volume         = {7},
  number         = {},
  pages          = {62-91},
  month          = {},
  year           = 1977
}


@Article{poole_tomczak1999,
  author         = {Poole, R. and Tomczak, M.},
  title          = {Optimum multiparameter analysis of the water mass structure in the Atlantic Ocean thermocline},
  journal        = DSR,
  volume         = {46},
  number         = {11},
  pages          = {1895-1921},
  month          = {},
  year           = 1999
}

@Article{phillips1954,
  author         = {Phillips, N. A.},
  title          = {Energy transformations and meridional circulations associated with simple barolcinic waves in a two-layer, quasi-geostrophic model},
  journal        = TEL,
  volume         = {6},
  number         = {1},
  pages          = {273-286},
  month          = {},
  year           = 1954
}

@Article{montgomery1941,
  author         = {Montgomery, R. B.},
  title          = {Transport of the Florida Current off Habana},
  journal        = JMR,
  volume         = {4},
  number         = {3},
  pages          = {198-219},
  month          = {},
  year           = 1941
}

@Article{memery_etal2000,
  author         = {Mémery, L. and Arhan, M. and Alvarez-Salgado, X. A. and Messias, M.-J. and Mercier, H. and Castro, C. G. and Rios, A. F.},
  title          = {The water masses along the western boundary of the south and equatorial Atlantic},
  journal        = POc,
  volume         = {47},
  number         = {1},
  pages          = {69-98},
  month          = {},
  year           = 2000
}

@Article{groen1948,
  author         = {Groen, P.},
  title          = {Methods for estimating dynamics slopes and currents in shallow water},
  journal        = JMR,
  volume         = {7},
  number         = {3},
  pages          = {313-316},
  month          = {},
  year           = 1948
}

@Article{flierl1978,
  author         = {Flierl, G. R.},
  title          = {Models of vertical structure and the calibration of two-layer models},
  journal        = DAO,
  volume         = {2},
  number         = {4},
  pages          = {341-381},
  month          = {},
  year           = 1978
}

@Article{boyer_etal2005,
  author         = {Boyer, T. and Levitus, S. and Garcia, H. and Locarnini, R. A. and Stephens, C. and Antonov, J.},
  title          = {Objective analyses of annual, seasonal, and monthly temperature and salinity for the world ocean on a 0.25 degrees grid},
  journal        = {Int. J. Climatol.},
  volume         = {25},
  number         = {7},
  pages          = {931-945},
  month          = {Jun},
  doi            = {10.1002/joc.1173},
  year           = 2005
}

@Article{miranda1985,
  author         = {Miranda, L. B.},
  title          = {Forma da correlação T-S de massas de água das regiões costeira e oceânica entre o Cabe de São Tomé (RJ) e a Ilha de São Sebastião (SP)},
  journal        = BIO,
  volume         = {33},
  number         = {2},
  pages          = {105-119},
  month          = {},
  year           = 1985
}

@Article{bretherton_etal1976,
  author         = {Bretherton, F. P. and Russ, E. D. and Fandry, C. B. A.},
  title          = {Technique for Objetive Analysis and design of oceanographic experiments applied to MODE-73},
  journal        = {Deep-Sea Res.},
  volume         = {23},
  number         = {7},
  pages          = {559-582},
  month          = {},
  year           = 1976
}

@Article{schmitz1995,
  author         = {Schmitz, W. J.},
  title          = {On the interbasin-scale thermohaline circulation},
  journal        = RG,
  volume         = {33},
  number         = {2},
  pages          = {151-173},
  month          = {},
  year           = 1995
}

@Article{carter_robinson1987,
  author         = {Carter, E. F. and Robinson, A. R.},
  title          = {Analysis models for the estimation of oceanic fields},
  journal        = JAOT,
  volume         = {4},
  number         = {1},
  pages          = {49-74},
  month          = {},
  year           = 1987
}

@phdthesis{waterman2009,
  author         = {S. N. Waterman},
  title          = {Eddy-mean flow interactions in western boundary current jets},
  school         = {MIT-WHOI Joint Program in Physical Oceanography},
  address        = {Cambridge/Woods Hole, Massachusetts, USA},
  pages          = {264pp},
  year           = {2009},
}

@phdthesis{zhang2009,
  author         = {Y. Zhang},
  title          = {Slope/shelf Circulation and Cross-slope/shelf Transport out of a bay driven by eddies from the open ocean},
  school         = {MIT-WHOI Joint Program in Physical Oceanography},
  address        = {Cambridge/Woods Hole, Massachusetts, USA},
  pages          = {222p},
  year           = {2009},
}

@phdthesis{ni1996,
  author         = {Ni, B.},
  title          = {Temporal, Spatial and Pulse Instabilities of the {G}ulf {S}tream},
  school         = {MIT-WHOI Joint Program in Physical Oceanography},
  address        = {Cambridge/Woods Hole, Massachusetts, USA},
  pages          = {210pp},
  year           = {1996},
}

@phdthesis{rowley1996,
  author         = {Rowley, C.D.},
  title          = {A modeling study of the {N}orth {A}tlantic {C}urrent},
  school         = {Grad. School. of Oceanog., University of Rhode Island},
  address        = {Narragansett, Rhode Island, USA},
  pages          = {162p},
  year           = 1996
}

@phdthesis{assireu2003,
  author         = {Assireu, A. T.},
  title          = {Estudo das características cinemáticas e dinâmicas das águas de superfície do {A}tlântico {S}ul {O}cidental a partir de derivadores
rastreados por satélite},
  school         = {Universidade de São Paulo},
  address        = {São Paulo, Brazil},
  pages          = {154p},
  doi            = {},
  year           = {2003},
}

@phdthesis{calado2006,
  author         = {Calado, L.},
  title          = {Dinâmica da Interação da atividade de meso-escala da Corrente do Brasil com o fenômeno de ressurgência costeira ao largo de Cabo Frio e Cabo de São Tomé, RJ},
  school         = {Universidade de São Paulo},
  address        = {São Paulo},
  pages          = {159},
  year           = 2006
}

@phdthesis{silveira2006,
  author         = {Silveira, I. C. A.},
  title          = {O Sistema Corrente do Brasil na Bacia de Campos, RJ},
  school         = {Universidade de São Paulo},
  address        = {São Paulo},
  pages          = {160},
  year           = 2006
}

@phdthesis{lima1997,
  author         = {Lima, J. A. M.},
  title          = {Oceanic circulation on the Brazil Current shelf break and slope at 22$^\circ$S},
  school         = {University of New South Wales},
  address        = {New South Wales},
  pages          = {144},
  year           = 1997
}

@phdthesis{castro1985,
  author         = {Castro, B, M.},
  title          = {Subtidal response to wind forcing in the south Brazil bight during winter},
  school         = {University of Miami},
  address        = {Florida},
  pages          = {211},
  year           = 1985
}

@phdthesis{sartori2004,
  author         = {Sartori-Neto, A.},
  title          = {Análise de imagens termais AVHRR utilizando transformada de Fourier e ondaletas para determinação de padrões em vórtices e meandros},
  school         = {Universidade Federal de Viçosa},
  address        = {Viçosa},
  pages          = {212},
  year           = 2004
}

@phdthesis{lima2003,
  author         = {Lima, A. F.},
  title          = {Comparação dos Sistemas Sedimentares Profundos da Bacia Sudeste-Sul do Brazil com Ênfase no Sistema Misto Colúmbia},
  school         = {Universidade de São Paulo},
  address        = {São Paulo},
  pages          = {252},
  year           = 2003
}
@phdthesis{godoi2005,
  author         = {Godoi, S. S.},
  title          = {Dinâmica quase-geostrófica do sistema Corrente do Brasil no embanhamento de São Paulo (23,5$^\circ$-27$^\circ$S)},
  school         = {Universidade de São Paulo},
  address        = {São Paulo},
  pages          = {133},
  year           = 2005
}

@phdthesis{garfield1990,
  author         = {Garfield, N.},
  title          = {The Brazil Current at subtropical latitudes},
  school         = {University of Rhode Island},
  address        = {Rhode Island},
  pages          = {121},
  year           = 1990
}

@phdthesis{zemba1991,
  author         = {Zemba, J. C.},
  title          = {The structure and transport of the Brazil Current between 27$^\circ$ and 36$^\circ$ South},
  school         = {Massachusetts Institute of Technology and Woods Hole Oceanographic Institution},
  address        = {Massachusetts},
  pages          = {160},
  year           = 1991
}

@phdthesis{goncalves2000,
  author         = {Gonçalves, J. E.},
  title          = {Características e circulação de massas de água no limite oeste do Atlântico Sul entre 20$^\circ$ e 30$^\circ$S},
  school         = {Universidade de São Paulo},
  address        = {São Paulo},
  pages          = {133},
  year           = 2000
}


@phdthesis{kampel2003,
  author         = {Kampel, M.},
  title          = {Estimativa da produção primária e biomassa fitoplanctônica através do sensoriamento remoto da cor do oceano e de dados in situ na costa sudeste brasileiro},
  school         = {Universidade de São Paulo},
  address        = {São Paulo},
  pages          = {286},
  year           = 2003
}

@phdthesis{silva1995,
  author         = {Silva, M. P.},
  title          = {Caracterização físico-química das massas de água da Bacia de Santos durante o projeto COROAS. Verão e Inverno de 1993},
  school         = {Universidade de São Paulo},
  address        = {São Paulo},
  pages          = {135},
  year           = 1995
}

@phdthesis{wang1992,
  author         = {Wang, X.},
  title          = {Interaction of an eddy with a continental slope},
  school         = {Massachusetts Institute of Technology and Woods Hole Oceanographic Institution},
  address        = {Massachusetts},
  pages          = {216},
  year           = 1992
}

@phdthesis{schmidt2004,
  author         = {Schmidt, A. C. K.},
  title          = {Interação margem continental, vórtices e jatos geofísicos},
  school         = {Universidade de São Paulo},
  address        = {São Paulo},
  pages          = {201},
  year           = 2004
}

@Manual{fofonoff_millard1983,
  author         = {Fofonoff, P. and Millard, R. C. Jr.},
  title          = {Algorithms for computation of fundamental properties of seawater},
  organization   = {UNESCO Tech. Pap. in Mar. Sci.},
  pages          = {53},
  year           = 1983
}

@Anais{godoi_etal2000,
  author         = {Godoi, S. S. and Francisco, C. P. F. and Silveira, I. C. A. and Campos, E. J. D.},
  title          = {Estrutura vertical da Corrente do Brasil na Bacia de Santos - Condições de inverno},
  journal        = {Anais da XIII Semana Nacional de Oceanografia},
  school         = {Universidade do Vale do Itajaí},
  address        = {Itajaí},
  pages          = {369-371},
  year           = 2000
}

@Anais{silveira_etal2005,
  author         = {Silveira, I. C. A. and Ribeiro, E. O. and Lima, J. M. L. and Mattos, R. A. and Soutelino, R. G. and Leal, C. A.},
  title          = {Caracterização oceanográfica da Bacia do Espírito Santo e da Região de Abrolhos},
  journal        = {Anais do II Congresso Brasileiro de Oceanografia},
  school         = {Universidade Federal do Espírito Santos},
  address        = {Vitória},
  pages          = {1-3},
  year           = 2005
}

@Anais{ceccopieri_etal2006,
  author         = {Ceccopieri, W. and  Silveira, I. C. A. and Schmidt, A. C. K. and Lima, J. M. L. and Fontes, R. C.},
  title          = {Mesoscale Variability of the Brazil Current-Intermediate Western Boundary Current System at 22$^\circ$ S},
  journal        = {Ocean Sciences Meeting 2006},
  school         = {AGU/ASLO/IAPSO/TOS},
  address        = {Honolulu},
  pages          = {OS45N-12},
  year           = 2006
}

@Anais{silveira_etal2006B,
  author         = {Silveira, I. C. A. and Oliveira, E. R. and Mattos, R. A. and Fernandes, F. P. A. and Lima, J. A. M.},
  title          = {Mesoscale Patterns of the Brazil Current between 20$^\circ$S and 25.5$^\circ$S},
  journal        = {Ocean Sciences Meeting 2006},
  school         = {AGU/ASLO/IAPSO/TOS},
  address        = {Honolulu},
  pages          = {OS45N-12},
  year           = 2006
}

@Anais{schmidt_etal2006,
  author         = {Schmidt, A. C. K. and  Silveira, I. C. A.  and Ceccopieri, W. and Sartori-Neto, A. and Lima, J. M. L.},
  title          = {Thermal Front Patterns of the Brazil Current between 20.5$^\circ$ and 25.5$^\circ$ S},
  journal        = {Ocean Sciences Meeting 2006},
  school         = {AGU/ASLO/IAPSO/TOS},
  address        = {Honolulu},
  pages          = {OS25O-13},
  year           = 2006
}

@Workshop{,
  author         = {},
  title          = {},
  journal        = {},
  school         = {},
  address        = {},
  pages          = {},
  year           = 
}


@Workshop{,
  author         = {},
  title          = {},
  journal        = {},
  school         = {},
  address        = {},
  pages          = {},
  year           = 
}

@Workshop{rio_etal2005,
  author         = {Rio, M. H., and Schaeffer, P. and Hernandez, F. and Lemoine, J. M.},
  title          = {The estimation of the ocean mean dynamic topography through the combination of altimetric data, in situ measurements and GRACE geoid: From global to regional studies},
  journal        = {GOCINA Workshop},
  school         = {GOCINA Projec},
  address        = {Eur. Union, Luxembourg},
  pages          = {},
  year           = 2005
}

@Workshop{soutelino_etal2007,
  author         = {Soutelino, R. G. and  Ponsoni, L. and Miranda, J. A. and Nonnato, L. V.  and Silveira, I. C. A.},
  title          = {Cruzeiro PRO-ABROLHOS Hidrografia I2007: Distribuições horizontais de velocidade observada},
  journal        = {I Workshop do Projeto PRO-ABROLHOS},
  school         = {},
  address        = {Barueri - SP},
  pages          = {A0},
  year           = 2007
}

@Workshop{mattos_etal2003,
  author         = {Mattos, R. A. and Calado, L. and Silveira, I. C.A.},
  title          = {Estrutura vertical do Sistema Corrente do Brasil ao largo de Cabo Frio (23$^\circ$S)},
  journal        = {11$^\circ$ Simpósio Internacional de Iniciação Científica da Universidade de São Paulo},
  school         = {Universidade de São Paulo},
  address        = {São Carlos},
  year           = 2003
}

@Workshop{godoi_etal2004,
  author         = {Godoi, S. S. and Calado, L. and Silveira, I. C. A. and Miranda, L. B.},
  title          = {O nível de inversão da Corrente do Brasil: uma nova abordagem},
  journal        = {II Simpósio Brasileiro de Oceanografia},
  school         = {Universidade de São Paulo},
  address        = {São Paulo},
  year           = 2000
}

@Workshop{ciotti_etal2003,
  author         = {Ciotti, A. M. and Calado, L. and Mattos, R. A. and Gaeta, S. A. abd Silveira, I. C. A.},
  title          = {Eddy activity off Southeast Brazilian coast and its relation to phytoplankton abundance},
  journal        = {Workshop on Realtime Observing for Ecosystem Dynamics and Harmful Algal Blooms},
  school         = {},
  address        = {Niece},
  year           = 2003
}

@Workshop{vianna_etal2005,
  author         = {Vianna, M. L. and Chambers, D. and Menezes, V. V.},
  title          = {Mean dynamic topography based on the GRACE GGM02 Model and Altimeter MSS: Can we capture subgyre structures by use of adaptive filters?},
  journal        = {2005 Joint Assembly},
  school         = {Convention Center Boulevard},
  address        = {New Orleans},
  year           = 2005
}
    
@Book{levitus1982,
  author         = {Levitus, S.},
  title          = {Climatological atlas of the World Ocean},
  publisher      = {NOAA/ERL GFDL Professional Paper 13},
  edition        = {},
  address        = {New Jersey},
  pages          = {173},
  year           = 1982
}

@Book{preisendorfer1998,
  author         = {Preisendorfer, R. W. },
  title          = {Principal component analysis in Meteorology and Oceanography},
  publisher      = {Elsevier},
  edition        = {},
  address        = {Amsterdam},
  pages          = {126},
  year           = 1988
}

@Book{mamayev1975,
  author         = {Mamayev, O. I.},
  title          = {Temperature-salinity analysis of world ocean waters},
  publisher      = ESP,
  edition        = {},
  address        = {Amsterdam},
  pages          = {374},
  year           = 1975
}

@Book{pond_pickard1991,
  author         = {Pond, S. and Pickard, G. L.},
  title          = {Introductory dynamical oceanography},
  publisher      = BH,
  edition        = {},
  address        = {Oxford},
  pages          = {349},
  year           = 1983
}

@Book{sverdrup_etal1942,
  author         = {Sverdrup, H. U. and Johnson, M. W. and Fleming, R. H.},
  title          = {The Oceans, their physics, chemistry, and general biology},
  publisher      = PHI,
  edition        = {},
  address        = {New Jersey},
  pages          = {1087},
  year           = 1942
}

@Book{cushman-roisin1984,
  author         = {Cushman-Roisin, B.},
  title          = {Introduction to geophysical fluid dynamics},
  publisher      = PHI,
  edition        = {},
  address        = {New Jersey},
  pages          = {320},
  year           = 1994
}

@Book{kundu1990,
  author         = {Kundu, P. K.},
  title          = {Fluid Mechanics},
  publisher      = ACP,
  edition        = {},
  address        = {California},
  pages          = {638},
  year           = 1990
}

@Book{pedlosky1987,
  author         = {Pedlosky, J.},
  title          = {Geophysical fluid dynamics},
  publisher      = SV,
  edition        = {},
  address        = {New York},
  pages          = {728},
  year           = 1987
}

@Book{emery_thomson1998,
  author         = {Emery, W. J. and Thomson, R. E.},
  title          = {Data analysis methods in physical oceanography},
  publisher      = Perg,
  edition        = {},
  address        = {Great Britain},
  pages          = {634},
  year           = 1998
}

@Book{tomczak_godfrey1994,
  author         = {Tomczak, M. and Godfrey, J. S.},
  title          = {Regional oceanography: an introduction},
  publisher      = Perg,
  edition        = {},
  address        = {Great Britain},
  pages          = {422},
  year           = 1994
}

@Book{soutelino2005,
  author         = {Soutelino, R. G.},
  title          = {Caracterizção da estrutura baroclínica do sistema de correntes de contorno oeste ao largo da costa leste brasileira},
  publisher      = {},
  edition        = {Monografia de graduação},
  address        = {Universidade do Estado do Rio de Janeiro. Rio de Janeiro.},
  pages          = {50},
  year           = 2005
}

@Book{pereira2005,
  author         = {Pereira, D. P. C.},
  title          = {Caracterizção da estrutura termohalina e de velocidades dos dipolos vorticais da Corrente do Brasil},
  publisher      = {},
  edition        = {Monografia de graduação},
  address        = {Universidade do Estado do Rio de Janeiro. Rio de Janeiro.},
  pages          = {60},
  year           = 2005
}

@mastersthesis{mattos2006,
  author         = {Mattos, R. A.},
  title          = {Feições de meso e grande escalas da Corrente do
Brasil ao largo do sudeste brasileiro},
  school         = {Universidade de São Paulo},
  address        = {São Paulo},
  pages          = {126},
  year           = 2006
}

@mastersthesis{soares2007,
  author         = {Soares, S. M.},
  title          = {Ondas instáveis no sistema de correntes de contorno oeste ao largo de Abrolhos},
  school         = {Universidade de São Paulo},
  address        = {São Paulo},
  pages          = {81},
  year           = 2007
}

@mastersthesis{chen2002,
  author         = {Chen, F. S.},
  title          = {Diagnóstico das condições oceanográficas na Bacia de Santos com base nos resultados da Comissão Oceano Sudeste I do NOc. Antares},
  school         = {Universidade de São Paulo},
  address        = {São Paulo},
  pages          = {88},
  year           = 2002
}

@mastersthesis{calado2001,
  author         = {Calado, L.},
  title          = {Dinâmica da formação dos meandros e vórtices da Corrente do Brasil ao largo do sudeste brasileiro},
  school         = {Universidade de São Paulo},
  address        = {São Paulo},
  pages          = {95},
  year           = 2001
}

@mastersthesis{fernandes2001,
  author         = {Fernandes, A. M.},
  title          = {Dinâmica baroclínica da Corrente do Brasil na região sudeste},
  school         = {Universidade de São Paulo},
  address        = {São Paulo},
  pages          = {108},
  year           = 2001
}

@mastersthesis{fernandes2007,
  author         = {Fernandes, F. P. A.},
  title          = {{Modelos Teóicos Paraméricos do Sistema Corrente do Brasil}},
  school         = {Universidade de São Paulo},
  address        = {São Paulo},
  pages          = {66},
  year           = 2007
}


@mastersthesis{goncalves1993,
  author         = {Gonçalves, J. E.},
  title          = {Estrutura termohalina, campos de velocidade e transportes geostróficos da Corrente do Brasil entre Rio de Janeiro (RJ) e Iguape (SP)},
  school         = {Universidade de São Paulo},
  address        = {São Paulo},
  pages          = {98},
  year           = 1993
}

@mastersthesis{velhote1998,
  author         = {Velhote, D.},
  title          = {Modelagem numérica da ressurgência da quebra de plataforma induzida por vórtices ciclônicos da Corrente do Brasil na Bacia de Santos},
  school         = {Universidade de São Paulo},
  address        = {São Paulo},
  pages          = {134},
  year           = 1998
}

@mastersthesis{freitas2003,
  author         = {Freitas, A. C. N.},
  title          = {A estrutura vertical do sistema de Correntes de Contorno Oeste ao sul da bifurcação de Santos},
  school         = {Fundação Universidade Federal do Rio Grande},
  address        = {Rio Grande do Sul},
  pages          = {124},
  year           = 2003
}

@mastersthesis{fisher1964,
  author         = {Fisher, A.},
  title          = {The circulation and stratification of the Brazil Current},
  school         = {New York University},
  address        = {New York},
  pages          = {86},
  year           = 1964
}

Robinson, A.R., 1999. In: ,, .
  AGU, Washington, DC, pp. 77}100.

@incollection{robinson1999,
  author         = {Robinson, A. R.},
  title          = {Forecasting and simulating coastal ocean processes and variabilities with the Harvard Ocean
  Prediction System},
  editor         = {},
  booktitle      = {Coastal Ocean Prediction},
  publisher      = {Mooers, C.N.K. (Ed.)},
  volume         = {},
  pages          = {77-100},
  series         = {AGU Coastal and Estuarine Studies Series},
  issn           = {},
  doi            = {},
  year           = 1996
}

@incollection{charney_flierl1981,
  author         = {J. G. Charney and G. R. Flierl},
  title          = {Oceanic Analogues of Large-scale Atmospheric Motions},
  booktitle      = {Evolution of Physical Oceanography},
  editor         = {B. A. Warren and C. Wunsch},
  publisher      = {MIT Press},
  edition        = {},
  address        = {Cambridge},
  pages          = {504-548},
  year           = 1981
}

@incollection{robinson_etal1996,
  author         = {Robinson, A. R. and H. G. Arango and A. Warn-Varnas and W. G. Leslie and A. J. Miller and P. J. Haley Jr. and C. J. Lozano},
  title          = {Real-time regional forecasting},
  editor         = {P. Malanotte-Rizzoli},
  booktitle      = {Modern Approaches to Data Assimilation in Ocean Modeling},
  publisher      = {Elsevier},
  volume         = {61},
  pages          = {377-410},
  series         = {Elsevier Oceanography Series},
  issn           = {0422-9894},
  doi            = {10.1016/S0422-9894(96)80017-1},
  year           = 1996
}

@incollection{lozano_etal1996,
  author           = {Lozano, C. J. and A. R. Robinson and H. G. Arango and A. Gangopadhyay and Q. Sloan and P. J. Haley Jr. and L. A. Anderson and W. G. Leslie},
  title            = {An interdisciplinary ocean prediction system: Assimilation strategies ana structured data models},
  editor           = {P. Malanotte-Rizzoli},
  booktitle        = {Modern Approaches to Data Assimilation in Ocean Modeling},
  publisher        = {Elsevier},
  volume           = {61},
  pages            = {413-452},
  series           = {Elsevier Oceanography Series},
  issn             = {0422-9894},
  doi              = {10.1016/S0422-9894(96)80018-3},
  year             = 1996 
}

@incollection{leao_etal2003,
  author         = {Leão, Z. M. A. N. and Kikuchi, R. K. and Testa, V.},
  booktitle      = {Latin american coral reefs, J. Cortéz (editor)},
  title          = {Corals and coral reefs of Brazil},
  publisher      = {Elsevier Science CO.},
  edition        = {1$^a$},
  address        = {Amsterdam},
  pages          = {},
  year           = 2003
}

@incollection{firing_etal_1995,
  author         = {Firing, E. and Ranada, J. and Caldwell, P.},
  title          = {Processing {ADCP} Data with the {CODAS} Software System Version 3.1},
  publisher      = {Joint Inst. for Mar. and Atmos.},
  address        = {Res./NODC, Univ. of Hawaii at Manoa, Honolulu},
  year           = {1995} 
}

@incollection{richardson1983,
  author         = {Richardson, P. L.},
  booktitle      = {Eddies in marine science, A. R. Robinson (editor)},
  title          = {Gulf Stream rings},
  publisher      = {Springer-Verlag},
  edition        = {},
  address        = {Berlin Heidelberg},
  pages          = {19-45},
  year           = 1983
}

@incollection{watts1983,
  author         = {Watts, D. R.},
  booktitle      = {Eddies in marine science, A. R. Robinson (editor)},
  title          = {Gulf Stream variability},
  publisher      = {Springer-Verlag},
  edition        = {},
  address        = {Berlin Heidelberg},
  pages          = {114-144},
  year           = 1983
}

@incollection{watts1983,
  author         = {Watts, D. R.},
  booktitle      = {Eddies in marine science, A. R. Robinson (editor)},
  title          = {Gulf Stream variability},
  publisher      = {Springer-Verlag},
  edition        = {},
  address        = {Berlin Heidelberg},
  pages          = {114-144},
  year           = 1983
}

@incollection{siedler_etal1996,
  author         = {Siedler, G. and  M\"uller, T. J. and Onken, m. and Arhan, M and Mercier, H. and King, B. A. and Saunders, P. M.},
  booktitle      = {The South Atlantic Circulation: Present and Past Circulation, Wefer et al. (editors)},
  title          = {The zonal WOCE sections in the South Atlantic},
  publisher      = {Springer-Verlag},
  edition        = {},
  address        = {Berlin Heidelberg},
  pages          = {161-210},
  year           = 1996
}

@incollection{blumberg_mellor1987,
  author         = {Blumberg, A. F. and Mellor, G. L.},
  booktitle      = {Three-dimensional coastal ocean models, N. S. Heaps (editor)},
  title          = {A description of a three-dimensional coastal ocean circulation model},
  publisher      = {American Geophysical Union},
  edition        = {},
  address        = {Washington},
  pages          = {1-16},
  year           = 1987
}

@incollection{vianna_menezes2005,
  author         = {Vianna, M. L. and Menezes, V. V.},
  booktitle      = {Oceanografia por satélites, R. B. Souza (editor)},
  title          = {Circulação oceânica: monitoramento por meio de altimetria multi-satélite},
  publisher      = {Oficina de Textos},
  edition        = {},
  address        = {São Paulo},
  pages          = {50-60},
  year           = 2005
}

@incollection{zembruscki1979,
  author         = {Zembruscki, S.G.},
  booktitle      = {PROJETO REMAC.geomorfologia da margem continental brasileira e das áreas oceânicas adjacentes},
  title          = {Geomorfologia da margem continental sul brasileira e das bacias oceânicas adjacentes},
  publisher      = {PETROBRAS. CENPES. DINTEP (Série REMAC no. 7)},
  edition        = {},
  address        = {Rio de Janeiro},
  pages          = {129-177},
  year           = 1979
}

@incollection{mello_etal1992,
  author         = {Mello, G. A. and Flood, R. D. and Orsi, T. H. and Lowrie, A.},
  booktitle      = {Geologic evolution of Atlantic continental rises, C. W. Poag and P. C. Graciansky (editors)},
  title          = {Southern Brazil Basin: sedimentary processes and features and implications for continental-rise evolution},
  publisher      = {Van Nostrand Reinhold},
  edition        = {},
  address        = {New York},
  pages          = {189-213},
  year           = 1992
}

@misc{aviso2010,
  author         = {{AVISO}},
  title          = {Absolute Geostrophic Velocities},
  school         = {NRT-Global-MADT},
  address        = {http://www.aviso.oceanobs.com},
  year           = 2010
}

@Unpublished{silveira_etal2006A,
  author         = {Silveira, I. C. A. and Lima, J. A. and Schmidt, A. C. K. and Ceccopieri, W. and Sartori, A. and Fontes, R. F. C.},
  title          = {Is the meander growth in the Brazil Current system due to baroclinic stability?},
  journal        = DAO,
  note           = {[submetido]},
  year           = 2006
}

@Techreport{belkin_cornillon2007,
  author         = {Belkin, I.M., and P.C. Cornillon},
  title          = {Fronts in the World Ocean's Large Marine Ecosystems},
  institution    = {ICES CM 2007/D:21},
  year           = {2007},
}

@Techreport{belkin2005,
  author         = {I.M. Belkin},
  title          = {Oceanic {F}ronts in {L}arge {M}arine {E}cosystems},
  institution    = {United Nations Environmental Program (UNEP), 51pp},
  year           = {2005},
}

@Techreport{webb_etal1998,
  author         = {Webb, D. J. and Cuevas, B. A. and Coward, A. C.},
  title          = {The first main run of the OCCAM global ocean model},
  institution    = {Southampton Oceanographic Centre},
  pages          = {43p},
  year           = 1998 
}



