@STRING{	AABC = {Anais Acad. Bras. de CiÃªncias}}
@STRING{	NZJMFWR = {N. Zel. J. Mar. Fresh W. Res.}}
@STRING{	JOSJ = {J. Oceanogr. Soc. Japan}}
@STRING{	ITGR = {IEEE T. Geosci. Remote}}
@STRING{	ThS = {The Sea}}
@STRING{	ARFM = {Ann. Rev. Fluid. Mech.}}
@STRING{	Perg = {Pergamon}}
@STRING{	OAc = {Oceanol. Acta}}
@STRING{	RBO = {Rev. bras. oceanogr.}}
@STRING{	BH = {Butterworth-Heinemann}}
@STRING{	TEL = {Tellus}}
@STRING{	SV = {Springer}}
@STRING{	POc = {Prog. Oceanogr.}}
@STRING{	ESP = {Elsevier Scientific Publ.}}
@STRING{	PHI = {Prentice-Hall Inc.}}
@STRING{	JAOT = {J. Atmos. Oc. Tech.}}
@STRING{	RG = {Rev. Geophys.}}
@STRING{	RNF = {Rept. Norwegian Fishery and Marine Investigations}}
@STRING{	BIO = {Bolm. Inst. oceanogr.}}
@STRING{	IJC = {Int. J. Climatology}}
@STRING{	RBO = {R. bras. Oceanogr.}}
@STRING{	JPO = {J. Phys. Oceanogr.}}
@STRING{	JGR = {J. Geophys. Res-Oceans}}
@STRING{	JMR = {J. Mar. Res.}}
@STRING{	JFM = {J. Fluid. Mech.}}
@STRING{	DSR = {Deep-Sea Res.}}
@STRING{	ARFM = {Annu. Rev. Fluid. Mech.}}
@STRING{	GRL = {Geophys. Res. Letters}}
@STRING{	JCP = {J. Comput. Phys.}}
@STRING{	DAO = {Dynam. Atmos. Oceans}}
@STRING{	GAFD = {Geophys. Astrophys. Fluid Dyn.}}
@STRING{	MCP = {Methods Comput. Phys.}}
@STRING{	JPO = {J. Phys. Oceanogr.}}
@STRING{	JGR = {J. Geophys. Res.}}
@STRING{	JMR = {J. Mar. Res.}}
@STRING{	JFM = {J. Fluid. Mech.}}
@STRING{	DSR = {Deep-Sea Res.}}
@STRING{	ARFM = {Annu. Rev. Fluid. Mech.}}
@STRING{	GRL = {Geophys. Res. Lett.}}
@STRING{	JCP = {J. Comput. Phys.}}
@STRING{	GAFD = {Geophys. Astrophys. Fluid Dyn.}}
@STRING{	JAS= {J. Atmos. Sci.}}
@STRING{	MCP = {Methods Comput. Phys.}}
@STRING{	PF = {Phys. Fluids}}
@STRING{	EJMBF = {Eur. J. Mech B-Fluid}}
@STRING{	NCC = {Nuovo Cimento C}}
@STRING{	PFAF = {Phys. Fluids A-Fluid}}
@STRING{	PT = {Phys. Today}}
@STRING{	QJRMS = {Q. J. Roy. Meteor. Soc.}} 
@STRING{	CPR = {Comput. Phys. Rep.}} 
@STRING{	MWR = {Mon. Weather. Rev.}} 
@STRING{	PTRSA = {Philos. T. Roy. Soc. A}} 
@STRING{	PRSLAM = {P. Roy. Soc. Lond. A Mat.}} 
@STRING{	FB = {Fish. B.}}
@STRING{	PRL = {Phys. Rev. Lett.}}
@STRING{	PD = {Phys. D}}
@STRING{	PRA = {Phys. Rev. A}}
@STRING{	PRB = {Phys. Rev. B}}
@STRING{	SG = {Sement. Geol.}}
@STRING{	BIO = {Bolm. Inst. Oceanogr.}}
@STRING{	IWN = {Int. WOCE Newlett.}}
@STRING{	NT = {Nature}}
@STRING{	RGSP = {Rev. Geophys. Space Phys.}}
@STRING{	RBGf = {Rev. Bras. Geofis.}}
@STRING{	TL = {Tellus}}
@STRING{	TAGU = {Trans. Am. Geophys. Union}}
@STRING{	ACP = {Academic Press}}
@STRING{	PNAS = {Proc. Nat. Acad. Sci.}}

