@comment{This file has been generated by Pybliographer}

@Article{silveira_etal2000jgr,
  Author         = {Silveira, I. C. A. and Brown, W.S. and Flierl, G.R.},
  Title          = {Dynamics of the North Brazil Current retroflection region from the Western Tropical Atlantic Experiment observations},
  Journal        = {Journal of Geophysical Research-Oceans},
  Volume         = {105},
  Number         = {C12},
  Pages          = {28559 -- 28583},
  month          = {DEC 15},
  sourceid       = {ISI:000166208800004},
  year           = 2000
}

@Article{peterson_stramma1991,
  Author         = {Peterson, R. G. and Stramma, L.},
  Title          = {Upper level circulation in the south atlantic ocean},
  Journal        = {Progress in Oceanography},
  Volume         = {26},
  Number         = {1},
  Pages          = {1 -- 73},
  sourceid       = {ISI:A1991EY78600001},
  year           = 1991
}

@Article{silveira_etal2004,
  Author         = {Silveira, I. C. A. and Calado, L. and Castro, B. M. and Cirano, M. and Lima, J. A. M. and Mascarenhas, A. D. S.},
  Title          = {On the baroclinic structure of the Brazil Current-Intermediate Western Boundary Current system at $22^o - 23^o$ S},
  Journal        = {Geophysical Research Letters},
  Volume         = {31},
  Number         = {14},
  isifile-ar     = {L14308},
  month          = {JUL 22},
  sourceid       = {ISI:000222915500003},
  year           = 2004
}

@Article{goes_etal2005,
  Author         = {Goes, M. and Molinari, R. and Silveira, I. C. A.  and Wainer, I.},
  Title          = {Retroflections of the North Brazil Current during February 2002},
  Journal        = {Deep-Sea Research Part I - Oceanographic Research Papers},
  Volume         = {52},
  Number         = {4},
  Pages          = {647 -- 667},
  month          = {APR},
  sourceid       = {ISI:000228004100006},
  year           = 2005
}

@Article{Maamaatuaiahutapu_etal1999,
  Author         = {Maamaatuaiahutapu, K. and Provost, C. and Andrie, C. and Vigan, X.},
  Title          = {Origin and ages of mode waters in the Brazil - Malvinas Confluence region during austral winter 1994},
  Journal        = {Journal of Geophysical Research-Oceans},
  Volume         = {104},
  Number         = {C9},
  Pages          = {21051 -- 21061},
  month          = {SEP 15},
  sourceid       = {ISI:000083473200037},
  year           = 1999
}

@Article{silveira_etal1994,
  Author         = {Silveira, I. C. A.  and Miranda, L. B. and Brown, W. S.},
  Title          = {On the origins of the North Brazil Current},
  Journal        = {Journal of Geophysical Research-Oceans},
  Volume         = {99},
  Number         = {C11},
  Pages          = {22501 -- 22512},
  month          = {NOV 15},
  sourceid       = {ISI:A1994PR66800011},
  year           = 1994
}

@Article{stramma_etal2005,
  Author         = {Stramma, L. and Rhein, M. and Brandt, P. and Dengler, M. and Boning, C. and Walter, M.},
  Title          = {Upper ocean circulation in the western tropical Atlantic in boreal fall 2000},
  Journal        = {Deep-Sea Research Part I - Oceanographic Research Papers},
  Volume         = {52},
  Number         = {2},
  Pages          = {221 -- 240},
  month          = {FEB},
  sourceid       = {ISI:000227427900002},
  year           = 2005
}

@Article{stramma_schott1999,
  Author         = {Stramma, L. and Schott, F.},
  Title          = {The mean flow field of the tropical Atlantic Ocean},
  Journal        = {Deep-Sea Research Part II - Topical Studies in Oceanography},
  Volume         = {46},
  Number         = {1-2},
  Pages          = {279 -- 303},
  sourceid       = {ISI:000079477500013},
  year           = 1999
}

@Article{stramma_etal1995,
  Author         = {Stramma, L. and Fischer, J. and Reppin, J.},
  Title          = {The North Brazil Undercurrent},
  Journal        = {Deep-Sea Research Part I - Oceanographic Research Papers},
  Volume         = {42},
  Number         = {5},
  Pages          = {773 -- 795},
  month          = {MAY},
  sourceid       = {ISI:A1995RP13300009},
  year           = 1995
}

@Article{reid1989,
  Author         = {Reid, J. L.},
  Title          = {On the total geostrophic circulation of the South-Atlantic Ocean - Flow patterns, tracers and transports},
  Journal        = {Progress in Oceanography},
  Volume         = {23},
  Number         = {3},
  Pages          = {149 -- 244},
  sourceid       = {ISI:A1989CY13200001},
  year           = 1989
}

@Article{demiranda_etal1999,
  Author         = {Miranda, A. P. and Barnier, B. and Dewar, W. K.},
  Title          = {Mode waters and subduction rates in a high-resolution South Atlantic Simulation},
  Journal        = {Journal of Marine Research},
  Volume         = {57},
  Number         = {2},
  Pages          = {213 -- 244},
  month          = {MAR},
  sourceid       = {ISI:000080361700001},
  year           = 1999
}

@Article{evans_signorini1985,
  Author         = {Evans, D. L. and Signorini, S. S.},
  Title          = {Vertical structure structure of the Brazil Current},
  Journal        = {Nature},
  Volume         = {315},
  Number         = {6014},
  Pages          = {48 -- 50},
  sourceid       = {ISI:A1985AGH4100038},
  year           = 1985
}

@Article{evans_etal1983,
  Author         = {Evans, D. L. and Signorini, S. R. and Miranda, L. B.},
  Title          = {A note on the transport of the Brazil Current},
  Journal        = {Journal of Physical Oceanography},
  Volume         = {13},
  Number         = {9},
  Pages          = {1732 -- 1738},
  sourceid       = {ISI:A1983RR93000016},
  year           = 1983
}

@Article{ezer_mellor1997,
  Author         = {Ezer, T. and Mellor, G. L.},
  Title          = {Simulations of the Atlantic Ocean with a free surface sigma coordinate ocean model},
  Journal        = {Journal of Geophysical Research-Oceans},
  Volume         = {102},
  Number         = {C7},
  Pages          = {15647 -- 15657},
  month          = {JUL 15},
  sourceid       = {ISI:A1997XL45200008},
  year           = 1997
}

@Article{silveira_etal1999,
  Author         = {Silveira, I. C. A. and Flierl, G. R. and Brown, W. S.},
  Title          = {Dynamics of separating western boundary currents},
  Journal        = {Journal of Physical Oceanography},
  Volume         = {29},
  Number         = {2},
  Pages          = {119 -- 144},
  month          = {FEB},
  sourceid       = {ISI:000078870200002},
  year           = 1999
}

@Article{stramma1989,
  Author         = {Stramma, L.},
  Title          = {The Brazil Current transport south of $23^o$ S},
  Journal        = {Deep-Sea Research Part A - Oceanographic Research Papers},
  Volume         = {36},
  Number         = {4},
  Pages          = {639 -- 646},
  month          = {APR},
  sourceid       = {ISI:A1989AA63300012},
  year           = 1989
}

@Article{blumberg_mellor1983,
  Author         = {Blumberg, A. F. and Mellor, G. L.},
  Title          = {Diagnostic and prognostic numerical circulation studies of the South Atlantic Bight},
  Journal        = {Journal of Geophysical Research-Oceans and Atmospheres},
  Volume         = {88},
  Number         = {NC8},
  Pages          = {4579 -- 4592},
  sourceid       = {ISI:A1983QT88400004},
  year           = 1983
}

@Article{silveira_flierl2002,
  Author         = {Silveira, I. C. A. and Flierl, G. R.},
  Title          = {Eddy formation in 2(1)/(2) layer, quasigeostrophic jets},
  Journal        = {Journal of Physical Oceanography},
  Volume         = {32},
  Number         = {3},
  Pages          = {729 -- 745},
  month          = {MAR},
  sourceid       = {ISI:000174278600002},
  year           = 2002
}

@Article{provost_etal1999,
  Author         = {Provost, C. and Escoffier, C. and Maamaatuaiahutapu, K. and Kartavtseff, A. and Garcon, V.},
  Title          = {Subtropical mode waters in the South Atlantic Ocean},
  Journal        = {Journal of Geophysical Research-Oceans},
  Volume         = {104},
  Number         = {C9},
  Pages          = {21033 -- 21049},
  month          = {SEP 15},
  sourceid       = {ISI:000083473200036},
  year           = 1999
}

@Article{campos_etal2000,
  Author         = {Campos, E. J. D. and Velhote, D. and Silveira, I. C. A.},
  Title          = {Shelf break upwelling driven by Brazil Current cyclonic meanders},
  Journal        = {Geophysical Research Letters},
  Volume         = {27},
  Number         = {6},
  Pages          = {751 -- 754},
  month          = {MAR 15},
  sourceid       = {ISI:000085868600004},
  year           = 2000
}

@Article{stramma_etal1990,
  Author         = {Stramma, L. and Ikeda, Y. and Peterson, R. G.},
  Title          = {Geostrophic Transport in the Brazil Current region north of 20 degrees S},
  Journal        = {Deep-Sea Research Part A - Oceanographic Research Papers},
  Volume         = {37},
  Number         = {12},
  Pages          = {1875 -- 1886},
  month          = {DEC},
  sourceid       = {ISI:A1990EX10500007},
  year           = 1990
}

@Article{stramma_england1999,
  Author         = {Stramma, L. and England, M.},
  Title          = {On the water masses and mean circulation of the South Atlantic Ocean},
  Journal        = {Journal of Geophysical Research-Oceans},
  Volume         = {104},
  Number         = {C9},
  Pages          = {20863 -- 20883},
  month          = {SEP 15},
  sourceid       = {ISI:000083473200026},
  year           = 1999
}

@Article{gangopadhyay_robinson2002,
  Author         = {Gangopadhyay, A. and Robinson, A. R.},
  Title          = {Feature-oriented regional modeling of oceanic fronts},
  Journal        = {Dynamics of Atmospheres and Oceans},
  Volume         = {36},
  Number         = {1-3},
  Pages          = {201 -- 232},
  month          = {NOV 1},
  sourceid       = {ISI:000178643500011},
  year           = 2002
}

@Article{boebel_etal1999,
  Author         = {Boebel, O. and Schmid, C. and Zenk, W.},
  Title          = {Kinematic elements of Antarctic Intermediate Water in the western South Atlantic},
  Journal        = {Deep-Sea Research Part II - Topical Studies in Oceanography},
  Volume         = {46},
  Number         = {1-2},
  Pages          = {355 -- 392},
  sourceid       = {ISI:000079477500016},
  year           = 1999
}

@Article{stramma1991,
  Author         = {Stramma, L.},
  Title          = {Geostrophic Transport of the South Equatorial Current in the Atlantic},
  Journal        = {Journal of Marine Research},
  Volume         = {49},
  Number         = {2},
  Pages          = {281 -- 294},
  month          = {MAY},
  sourceid       = {ISI:A1991FY14300003},
  year           = 1991
}

@Article{blumberg_mellor1987,
  Author         = {Blumberg, A. F. and Mellor G. L.},
  Title          = {A description of a three-dimensional coastal ocean circulation model},
  Journal        = {American Geophysical Union},
  Volume         = {4},
  Pages          = {1 -- 16},
  year           = 1987
}

@phdthesis{lima1997,
  Author         = {Lima, J. A. M.},
  Title          = {Oceanic Circulation on the Brazil Current shelf break and slope at $22^o$ S},
  School         = {University of New South Wales},
  Pages          = {144 pp},
  year           = 1997
}

@Manual{rel_OE1,
  Author         = {Lima, R. A. F.},
  Title          = {Relatório Final da Comissão ``Oceano Leste I''},
  Organization   = {Centro de Hidrografia da Marinha do Brasil},
  Pages          = {25 pp},
  year           = 2001
}

@misc{demattos2003,
  Author         = {Mattos, R. A. },
  Title          = {Avaliação da geostrofia do Sistema Corrente do Brasil ao largo de Cabo Frio (23)},
  howpublished   = {Monografia de Graduação},
  Pages          = {40 p},
  month          = {IOUSP},
  year           = 2003
}

@Article{mellor2004,
  Author         = {Mellor, E. L.},
  Title          = {A three-dimensional, primitive equation, numerical ocean model},
  Journal        = {Princeton University},
  Volume         = {NJ},
  Number         = {08544},
  Pages          = {0710},
  year           = 1986
}

@book{miranda1988,
  Author         = {Miranda, L. B.},
  Title          = {Análise de Massas de Água},
  publisher      = {Apostila do curso de pós-graduação em Oceanografia Física, IOUSP},
  sourceid       = {},
  year           = 1988
}

@Article{miranda_castro1981,
  Author         = {Miranda, L. B. and Castro, B. M.},
  Title          = {Geostrophic flow conditions at $19^o$ S},
  Journal        = {Ciência Interamericana},
  Volume         = {22},
  Number         = {1-2},
  Pages          = {44-48},
  year           = 1981
}

@Article{muller_etal1998,
  Author         = {Müller, T. J. and Ikeda, Y. and Zangenberg, N. and Nonato, L. V.},
  Title          = {Direct measurements of the western boundary currents between $20^o$ S and $28^o$ S},
  Journal        = {Journal of Geophysical Research},
  Volume         = {103},
  Number         = {C3},
  Pages          = {5429-5437},
  year           = 1998
}

@inbook{munk2003,
  Author         = {Munk, W.},
  Title          = {50 Years of Ocean Discovery: National Science Foundation 1950-2000 (2000)},
  chapter        = {Achievements in Physical Oceanography},
  Publisher      = {National Academy Press},
  editor         = {Ocean Studies Board},
  addres         = {Washington, D.C.},
  Pages          = {44 -- 50},
  year           = 2003
}

@Article{sandstrom_hellandhansen1903,
  Author         = {Sandström, J. W. and Helland-Hansen, B.},
  Title          = {Über die berechnung von meereströmungen},
  Journal        = {Norwegian Fishery and Marine Investigations},
  Volume         = {2},
  Number         = {4},
  year           = 1903
}

@Article{signorini_etal1989,
  Author         = {Signorini, S. R. and Miranda, L. B. and Evans, D. L. and Stevenson, M. R. and Inostroza, H. M.},
  Title          = {Corrente do Brasil: estrutura térmica entre $19^o$ S e $25^o$ S e circulação geostrófica},
  Journal        = {Boletim Instituto Oceanográfico},
  Volume         = {37},
  Number         = {1},
  Pages          = {33-49},
  year           = 1989
}

@phdthesis{silva1995,
  Author         = {Silva, M. P.},
  Title          = {Caracterização físico-química das massas de água da bacia de Santos durante o projeto COROAS Verão e Inverno de 1993},
  school         = {IOUSP, São Paulo},
  Pages          = {135 pp},
  year           = 1995
}

@Article{silveira_etal2000,
  Author         = {Silveira, I. C. A. and Schmidt, A. C. K. and Campos, E. J. D. and Godoy, S. S. and Ikeda, Y.},
  Title          = {A Corrente do Brasil ao largo da costa leste brasileira},
  Journal        = {Boletim do Instituto Oceanográfico},
  Volume         = {48},
  Number         = {2},
  Pages          = {171-183},
  year           = 2000
}

@Article{polito_sato2003,
  Author         = {Polito, P. S. and Sato, O. T.},
  Title          = {Patterns of sea surface height and heat storage
                   associated to intraseasonal Rossby waves in the
                   tropics},
  Journal        = {Journal of Geophysical Research-Oceans},
  Volume         = {108},
  Number         = {C12},
  isifile-ar     = {3373},
  month          = {DEC 4},
  sourceid       = {ISI:000187483800003},
  year           = 2003
}

@Article{richardson_walsh1986,
  Author         = {Richardson, P. L. and Walsh, D.},
  Title          = {Mapping climatological seasonal variations os surface currents in the tropical Atlantic using ship drifts},
  Journal        = {Journal of Geophysical Research-Oceans},
  Volume         = {91},
  Number         = {C9},
  Pages          = {537 -- 550},
  month          = {SEP 15},
  sourceid       = {ISI:A1986E074200005},
  year           = 1986
}

@Article{denbo_allen1984,
  Author         = {Denbo, D. W. and Allen, J. S.},
  Title          = {Rotary empirical orthogonal function analysis of current near Oregon Coast},
  Journal        = {Journal of Physical Oceanography},
  Volume         = {14},
  Number         = {1},
  Pages          = {35 -- 46},
  sourceid       = {ISI:A1984SK16400003},
  year           = 1984
}

@Article{pereira_etal2002,
  Author         = {Pereira, A. F. and Beckmann, A. and Hellmer, H. H.},
  Title          = {Tidal mixing in the southern Weddell Sea: Results from a three-dimensional model},
  Journal        = {Journal of Physical Oceanography},
  Volume         = {32},
  Number         = {7},
  Pages          = {2151 -- 2170},
  month          = {JUL},
  sourceid       = {ISI:000176253800010},
  year           = 2002
}

@Article{baines1973,
  Author         = {Baines, P. G.},
  Title          = {Generation of internal tides by flat-bump topography},
  Journal        = {Deep-Sea Research},
  Volume         = {20},
  Number         = {2},
  Pages          = {179 -- 205},
  sourceid       = {ISI:A1973O838400003},
  year           = 1973
}

@Article{arnaut1987,
  Author         = {Arnaut, S.},
  Title          = {Tropical Atlantic geostrophic currents and ship drifts},
  Journal        = {Journal of Geophysical Research-Oceans},
  Volume         = {92},
  Number         = {C5},
  Pages          = {5076 -- 5088},
  month          = {MAY 15},
  sourceid       = {ISI:A1987H434300007},
  year           = 1987
}

@Article{pawlowicz2002,
  Author         = {Pawlowicz, R. and Beardsley, B. and Lentz, S.},
  Title          = {Classical tidal harmonic analysis including error
                   estimates in {MATLAB} using {T}-{TIDE}},
  Journal        = {Computers \& Geosciences},
  Volume         = {28},
  Number         = {8},
  Pages          = {929 -- 937},
  month          = {OCT},
  sourceid       = {ISI:000177671200007},
  year           = 2002
}

@Article{molinari1983,
  Author         = {Molinari, R. L.},
  Title          = {Observations of near-surface currents and temperature in the central and western tropical Atlantic-Ocean},
  Journal        = {Journal of Geophysical Research-Oceans and Atmospheres},
  Volume         = {88},
  Number         = {NC7},
  Pages          = {4433 -- 4438},
  sourceid       = {ISI:A1983QT88300010},
  year           = 1983
}

@Article{owens1985,
  Author         = {Owens, W. B.},
  Title          = {A statistical description of the vertical and horizontal structure of eddy variability on the edge of the Gulf Stream recirculation},
  Journal        = {Journal of Physical Oceanography},
  Volume         = {15},
  Number         = {2},
  Pages          = {195 -- 205},
  sourceid       = {ISI:A1985AGE6300006},
  year           = 1985
}

@Article{lippert_briscoe1990,
  Author         = {Lippert, A. and Briscoe, M. G.},
  Title          = {Observations and eof analysis of low-frequency variability in the western part of the Gulf-Stream recirculation},
  Journal        = {Journal of Physical Oceanography},
  Volume         = {20},
  Number         = {5},
  Pages          = {646 -- 656},
  month          = {MAY},
  sourceid       = {ISI:A1990DH29600003},
  year           = 1990
}

@Book{baath1987,
  Author         = {Baath, M.},
  Title          = {Spectral Analysis in Geophysics},
  Publisher      = {Elsevier},
  edition        = {1},  
  address        = {Amsterdam},
  Pages          = {563},
  year           = 1974
}

@Book{emery_thomson1997,
  Author         = {Emery, W. J. and Thomson, R. E.},
  Title          = {Data Analysis Methods in Physical Oceanography},
  Publisher      = {Pergamon},
  edition        = {1},  
  address        = {New York},
  Pages          = {634},
  year           = 1997
}

@Book{franco1966,
  Author         = {Franco, A. dos S.},
  Title          = {Tides. Fundamentals, prediction ans analysis},
  Publisher      = {International Hydrographic Bureau},
  address        = {Monaco},
  Pages          = {369},
  year           = 1966
}

@Book{pedlosky1986,
  Author         = {Pedlosky, J.},
  Title          = {Geophysical Fluid Dynamics},
  Publisher      = {Springer-Verlag},
  edition        = {2},  
  address        = {New York},
  Pages          = {710},
  year           = 1986
}

@Article{rennell1832,
  Author         = {Rennell, J.},
  Title          = {An investigation of the currents of the Atlantic Ocean, and one those which prevail between the Indian Ocean and the Atlantic},
  Journal        = {J. G. \& F. Rivington},
  Pages          = {299},
  year           = 1990
}

@Book{strang1988,
  Author         = {Strang, G.},
  Title          = {Linear Algebra and its applications},
  Publisher      = {Harcourt Brace Jovanovich},
  edition        = {3},  
  address        = {San Diego},
  Pages          = {505},
  year           = 1988
}

@Article{talley1995,
  Author         = {Lippert, A. and Briscoe, M. G.},
  Title          = {Antartic Intermediate Water circulation in the Tropical and Subtropical South Atlantic},
  Journal        = {Journal of Geophysical Research-Oceans},
  Volume         = {100},
  Number         = {7},
  Pages          = {13441--13453646},
  year           = 1995
}

@inbook{stramma_etal2003,
  Author         = {Stramma, L. and Fischer, J. and Brandt, P. and Schott, F.},
  Title          = {Interhemispheric Water Exchange in the Atlantic Ocean},
  chapter        = {Circulation, variability and near-equatorial meridional flow in the central tropical Atlantic},
  Publisher      = {Elsevier Oceanographic Series},
  editor         = {Goni, G.J. and Rizzoli, P.M.},
  series         = {68},
  Pages          = {1-22},
  year           = 2003
}

@Article{hooker_brown1994,
  Author         = {Hooker, S. B. and Brown, J. W.},
  Title          = {Warm core ring dynamics derived from                  satellite imagery},
  Journal        = {Journal of Geophysical Research-oceans},
  Volume         = {99},
  Number         = {C12},
  Pages          = {25181 -- 25194},
  month          = {DEC 15},
  sourceid       = {ISI:A1994PX77300057},
  year           = 1994
}

@Article{hooker_etal1995tgrs,
  Author         = {Hooker, S. B. and Brown, J. W. and Kirwan, A. D.},
  Title          = {Detecting ''dipole ring'' separatrices with zebra palettes},
  Journal        = {IEEE Transactions on Geoscience and Remote Sensing},
  Volume         = {33},
  Number         = {6},
  Pages          = {1306 -- 1312},
  month          = {NOV},
  sourceid       = {ISI:A1995TK44800001},
  year           = 1995
}

@Article{signorini1978,
  Author         = {Signorini, S. R.},
  Title          = {Circulation and Volume Transport of Brazil Current Between Cape of Sao-Tome and Guanabara Bay},
  Journal        = {Deep-Sea Research},
  Volume         = {25},
  Number         = {5},
  Pages          = {481 -- 490},
  sourceid       = {ISI:A1978FB30700006},
  year           = 1978
}

@Article{hooker_etal1995jgr,
  Author         = {Hooker, S. B. and Brown, J. W. and Kirwan, A. D. and Lindemann, G. J. and Mied, R. P.},
  Title          = {Kinematics of a warm-core dipole ring},
  Journal        = {Journal of Geophysical Research-oceans},
  Volume         = {100},
  Number         = {C12},
  Pages          = {24797 -- 24809},
  month          = {DEC 15},
  sourceid       = {ISI:A1995TL34100008},
  year           = 1995
}

@Article{hooker_brown1996,
  Author         = {Hooker, S. B. and Brown, J. W.},
  Title          = {Dipole rings and vortex interactions of the Brazil          current},
  Journal        = {IEEE Transactions on Geoscience and Remote Sensing},
  Volume         = {34},
  Number         = {6},
  Pages          = {1323 -- 1330},
  month          = {NOV},
  sourceid       = {ISI:A1996VW81400004},
  year           = 1996
}

@Article{hooker_etal1997,
  Author         = {Hooker, S. B. and Mied, R. P. and Brown, J. W. and
                   Kirwan, A. D.},
  Title          = {Remote sensing of dipole rings},
  Journal        = {IEEE Transactions on Geoscience and Remote Sensing},
  Volume         = {35},
  Number         = {6},
  Pages          = {1394 -- 1399},
  month          = {NOV},
  sourceid       = {ISI:A1997YF97600002},
  year           = 1997
}

@Article{campos_etal1996,
  Author         = {Campos, E. J. D. and Ikeda, Y. and Castro, B. M. and Gaeta, S. A. and Lorenzzetti, J.A. and Stevenson, M.R.},
  Title          = {Experiment Studies Circulation in the Western South Atlantic.},
  Journal        = {Eos Transaction},
  Volume         = {77},
  Number         = {27},
  Pages          = {253 -- 259},
  year           = 1996
}

@Article{carter_robinson1987,
  Author         = {Carter, E. F. and Robinson, A. R.},
  Title          = {Analysis Models for the Estimation of Oceanic Fields.},
  Journal        = {Journal of Atmospheric and Oceanic Technology},
  Volume         = {4},
  Number         = {1},
  Pages          = {49 -- 74},
  year           = 1987
}

@Article{mascarenhas_etal1971,
  Author         = {Mascarenhas, A. S. Jr and Miranda, L. B. and Rock, N. J.},
  Title          = {A Study of oceanographic conditions in the region of Cabo Frio.},
  Journal        = {Fertility in the Sea},
  Volume         = {1},
  Pages          = {285 -- 208},
  year           = 1971
}

@Article{reid_mantyla1976,
  Author         = {Reid, J. L. and Mantyla, A. W.},
  Title          = {The Effect of Geostrophic Flow Upon Coastal Sea Elevations in the Northern North Pacific Ocean.},
  Journal        = {Journal of Geophysical Research},
  Volume         = {81},
  Number         = {18},
  Pages          = {3100 -- 3110},
  year           = 1976
}

@misc{campos1995,
  Author         = {Campos, E. J. D.},
  Title          = {Estudos da Circula\c cão Oceânica no Atlântico Tropical e Região Oeste do Atlântico Subtropical Sul.},
  Howpublished   = {Tese de Livre Docência, Instituto Oceanográfico, Universidade de São Paulo, 114pp..},
  year           = 1995
}

@phdthesis{godoi2005,
  author         = {Godoi, S. S. de},
  title          = {Dinâmica Quase-geostrófica do Sistema Corrente do Brasil no Embaiamento de São Paulo ($23,5^o$ S - $27^o S$ S)},
  school         = {Instituto Oceanográfico, Universidade de São Paulo, 133pp.},
  year           = 2005
}

@phdthesis{kampel2003,
  author         = {Kampel, M.},
  title          = {Estimativa da Produ\c cão Primária e Biomassa Fitoplanctônica Através de Sensoriamento Remoto da Cor do Oceano e Dados in situ na Costa Sudeste Basileira.},
  school         = {Instituto Oceanográfico, Universidade de São Paulo, 279pp.},
  year           = 2003
}
  
@mastersthesis{lealsilva2000,
  author         = {Leal Silva, C. A. C.},
  title          = {Din\^amica da Separa\c c\~ao de Correntes de Contorno Oeste Barotropicamente Inst\'aveis.},
  school         = {Instituto Oceanográfico, Universidade de São Paulo, 104pp.},
  year           = 2000
}

@misc{miranda1983,
  Author         = {Miranda, L. B.},
  Title          = {Apostila de Oceanografia Dinâmica.},
  Howpublished   = {Escuela Naval Almirante Padilla, Cartagena, Col\^ombia. 149pp.},
  year           = 1983
}

@inbook{richardson1983,
  author         = {Richardson, P. L.},
  title          = {Eddies in Marine Science},
  chapter        = {Gulf Stream Rings.},
  editor         = {Allan R. Robinson},
  publisher      = {Springer-Verlag},
  addres         = {Berlin, Heidelberg, New York and Tokyo},
  pages          = {19 -- 45},
  year           = 1983
}

@phdthesis{schmidt2004,
  author         = {Schmidt, A. C. K.},
  title          = {Intera\c c\~ao Margem Continental, V\'ortices e Jatos Geof\'isicos.},
  school         = {Instituto Oceanográfico, Universidade de São Paulo, 279pp.},
  year           = 2004
}

@Article{schmid_etal1995,
  Author         = {Schmid, C. and Schäfer, H. and Podestá, G. and Zenk, W.},
  Title          = {The Vitoria Eddy and its relation to the Brazil Current},
  Journal        = {Journal of Physical Oceanography},
  Volume         = {25},
  Number         = {11},
  Pages          = {2532 -- 2546},
  isifile-pn     = {Part 1},
  month          = {NOV},
  sourceid       = {ISI:A1995TH64100005},
  year           = 1995
}

@Article{shtokman1946,
  Author         = {Shtokman, V. B.},
  Title          = {A Theory of T-S curves as a method for studying the mixing of water masses in the sea},
  Journal        = {J. Mar. Res.},
  Volume         = {6},
  Number         = {1},
  Pages          = {1-24},
  year           = 1946
}

@Article{mamayev1975,
  Author         = {Mamayev, O. I.},
  Title          = {Temperature - Salinity Analysis of World Ocean Waters},
  Journal        = {Co., Amsterdam., 374pp},
  year           = 1975
}

@Article{relOE1,
  Author         = {Lima, R. A. F.},
  Title          = {Relatório de Fim de Comissão - Oceano Leste I},
  Journal        = {Diretoria de Hidrografia e Navegação - Marinha do Brasil.},
  year           = 2001
}

@Article{wust1935,
  Author         = {Wust, G.},
  Title          = {Schichtung und zirucation des Atlantischen Ozeans. Die stratosphare des Atlantischen Ozeans},
  Journal        = {Atlant. Exp.},
  Volume         = {6},
  Pages          = {109-228},
  year           = 1935
}

@Article{defant1941,
  Author         = {Defant, A.},
  Title          = {Die absolute topographie das phys. Meeresniveaus un Druckflachen, sowie die Wasserbewegungen.},
  Journal        = {Atl. Ozean},
  Volume         = {6},
  Number         = {2},
  Pages          = {191-250},
  year           = 1941
}

@Article{sverdrup_etal1942,
  Author         = {Sverdrup, H. U. and Johnson, M. W. and Fleming, R. H.},
  Title          = {The oceans: their physics, chemistry and general biology.},
  Journal        = {Eaglewood Cliffs, Prentice-Hall},
  Pages          = {1087p},
  year           = 1942
}