@comment{This file has been generated by Pybliographer}

@Article{a,
  author         = {},
  title          = {},
  journal        = ,
  volume         = {},
  number         = {},
  pages          = {},
  month          = {},
  year           = 
}

@Article{francisco_silveira2004,
  author         = {Francisco, C. P. F. and Silveira, I. C. A.},
  title          = {Estudo teórico da dinâmica da Confluência Brasil-Malvinas},
  journal        = RBGF,
  volume         = {22},
  number         = {2},
  pages          = {163-180},
  month          = {},
  year           = 2004
}

@Article{kubokawa_inui1999,
  author         = {Kubokawa, A. and Inui, T.},
  title          = {Subtropical countercurrent in an idealized ocean GCM},
  journal        = JPO,
  volume         = {29},
  number         = {6},
  pages          = {1303-1313},
  month          = {},
  year           = 1999
}

@Article{takeuchi1984,
  author         = {Takeuchi, K.},
  title          = {Numerical study of the Subtropical Front and the Subtropical Countercurrent},
  journal        = JOSJ,
  volume         = {40},
  number         = {5},
  pages          = {371-381,},
  month          = {},
  year           = 1984
}

@Article{cushman1984,
  author         = {Cushman-Roisin, B.},
  title          = {On the maintenance of the Subtropical Front and its associated Countercurrent},
  journal        = JPO,
  volume         = {14},
  number         = {7},
  pages          = {1179-1190},
  month          = {},
  year           = 1984
}

@Article{white_etal1978,
  author         = {White, W. B. and Hasunuma, K. and Solomon, H.},
  title          = {Large-scale seasonal and secular variability of sub-tropical front in western North Pacific from 1954 to 1974},
  journal        = JGR,
  volume         = {83},
  number         = {NC9},
  pages          = {4531-4544},
  month          = {},
  year           = 1978 
}

@Article{takeuchi1986,
  author         = {Takeuchi, K.},
  title          = {Numerical study of the seasonal variations of the Subtropical Front and the Subtropical Countercurrent},
  journal        = JPO,
  volume         = {16},
  number         = {5},
  pages          = {919-926},
  month          = {},
  year           = 1986
}

@Article{tapley_etal2004,
  author         = {Tapley, B. D. and Bettadpur, S. and Watkins, M. and Reigber, C.},
  title          = {The gravity recovery and climate experiment: Mission overview and early results},
  journal        = GRL,
  volume         = {31},
  number         = {9},
  pages          = {L09607},
  month          = {},
  year           = 2004
}

@Article{yoshida_kidokoro1967b,
  author         = {Yoshida, Y. and Kidokoro, T.},
  title          = {A Subtropical Countercurrent (II) - A prediction of eastward flows at lower subtropical latitudes},
  journal        = JOSJ,
  volume         = {23},
  number         = {5},
  pages          = {231-246},
  month          = {},
  year           = 1967
}

@Article{yoshida_kidokoro1967a,
  author         = {Yoshida, Y. and Kidokoro, T.},
  title          = {A Subtropical Counter-current in the North Pacific - An eastward flow near the Subtropical Convergence},
  journal        = JOSJ,
  volume         = {23},
  number         = {2},
  pages          = {88-91},
  month          = {},
  year           = 1967
}

@Article{stommel_etal1978,
  author         = {Stommel, H. and Niiler, P. and Anati, D.},
  title          = {Dynamic topography and recirculation of the North Atlantic},
  journal        = JMR,
  volume         = {36},
  number         = {3},
  pages          = {449-468},
  month          = {},
  year           = 1978
}

@Article{reid_etal1977,
  author         = {Reid, J. L. and Nowlin, W. D. and Patzert, W. C.},
  title          = {On the characteristics and circulation of the southwestern Atlantic Ocean},
  journal        = JPO,
  volume         = {7},
  number         = {1},
  pages          = {62–91},
  month          = {},
  year           = 1977
}

@Article{wyrtki1975,
  author         = {Wyrtki, K.},
  title          = {Fluctuations of the dynamic topography in the Pacific Ocean},
  journal        = JPO,
  volume         = {5},
  number         = {3},
  pages          = {},
  month          = {450–459},
  year           = 1975
}

@Article{reid1978,
  author         = {Reid, J. L.},
  title          = {On the mid-depth circulation and salinity field in the North Atlantic Ocean},
  journal        = JGR,
  volume         = {83},
  number         = {C10},
  pages          = {5063-5067},
  month          = {},
  year           = 1978
}

@Article{reid_mantyla1978,
  author         = {Reid, J. L. and Mantyla, A. W.},
  title          = {On the mid-depth circulation of the North Pacific Ocean},
  journal        = JPO,
  volume         = {8},
  number         = {6},
  pages          = {946–951},
  month          = {},
  year           = 1978
}

@Article{hasunuma_yoshida1978,
  author         = {Hasunuma, K. and Yoshida, K.},
  title          = {Splitting of the subtropical gyre in the western North Pacific},
  journal        = JOSJ,
  volume         = {34},
  number         = {4},
  pages          = {160-172},
  month          = {},
  year           = 1978
}

@Article{uda_hasunuma1969,
  author         = {Uda, M. and Hasunuma, K.},
  title          = {The eastward Subtropical Countercurrent in the western North Pacific Ocean},
  journal        = JOSJ,
  volume         = {25},
  number         = {4},
  pages          = {201-210},
  month          = {},
  year           = 1969
}

@Article{gordon_greengrove1986,
  author         = {Gordon, A. L. and Greengrove, C. L.},
  title          = {Geostrophic circulation on the Brazil-Falkland Confluence},
  journal        = DSR,
  volume         = {33},
  number         = {5},
  pages          = {573-585},
  month          = {},
  year           = 1986
}

@Article{xue_mellor1993,
  author         = {Xue, H. J. and Mellor, G.},
  title          = {Instability of the Gulf-Stream Front in the South-Atlantic Bight},
  journal        = JPO,
  volume         = {23},
  number         = {11},
  pages          = {2326-2350},
  month          = {},
  year           = 1993
}

@Article{lentini_etal2002,
  author         = {Lentini, C. A. D. and Olson, D. B. and Podesta, G. P.},
  title          = {Statistics of Brazil Current rings observed from AVHRR: 1993 to 1998},
  journal        = GRL,
  volume         = {29},
  number         = {16},
  pages          = {1811},
  month          = {},
  year           = 2002
}

@Article{olson_etal1988,
  author         = {Olson, D. B. and Podesta, G. P. and Evans, R. H. and Brown, O. B.},
  title          = {Temporal variations in the separation of Brazil and Malvinas currents},
  journal        = DSR,
  volume         = {35},
  number         = {12},
  pages          = {1971-1990},
  month          = {},
  year           = 1988
}

@Article{hansen1970,
  author         = {Hansen, D. V.},
  title          = {Gulf Stream meanders between Cape Hatteras and the Grand Banks},
  journal        = DSR,
  volume         = {17},
  number         = {3},
  pages          = {495-511},
  month          = {},
  year           = 1970
}

@Article{campos_etal2000,
  author         = {Campos, E. D. J. and Velhote, D. and Silveira, I. C. A.},
  title          = {Shelf break upwelling driven by Brazil Current cyclonic meanders},
  journal        = GRL,
  volume         = {27},
  number         = {6},
  pages          = {751-754},
  month          = {},
  year           = 2000
}

@Article{flierl_davis1993,
  author         = {Flierl, G. R. and Davis, C. S.},
  title          = {Biological effects of Gulf Stream meandering},
  journal        = JMR,
  volume         = {51},
  number         = {3},
  pages          = {529-560},
  month          = {},
  year           = 1993
}

@Article{thompson_flierl1993,
  author         = {Thompson, L. and Flierl, G. R.},
  title          = {Barotropic flow over finite isolated topography: steady solutions on the beta-plane and the initial value problem},
  journal        = JFM,
  volume         = {250},
  number         = {},
  pages          = {553-586},
  month          = {},
  year           = 1993
}

@Article{yano_flierl1992,
  author         = {Jun-Ichi Yano and Glenn R. Flierl},
  title          = {Isolated potential vorticity patches in quasi-geostrophic zonal shear flows},
  journal        = DAO,
  volume         = {16},
  number         = {6},
  pages          = {439-472},
  month          = {},
  year           = 1992
}

@Article{yasuda_flierl1997,
  author         = {Yasuda, I. and Flierl, G. R.},
  title          = {Two-dimensional asymmetric vortex merger: merger dynamics and critical merger distance},
  journal        = DAO,
  volume         = {26},
  number         = {3},
  pages          = {159-181},
  month          = {},
  year           = 1997
}

@Article{hooker_brown1996,
  author         = {Hooker, S. B. and Brown, J. W.},
  title          = {Dipole rings and vortex interactions of the Brazil current},
  journal        = ITGR,
  volume         = {34},
  number         = {6},
  pages          = {1323-1330},
  month          = {},
  year           = 1996
}

@Article{werner_etal2000,
  author         = {Werner, T. B. and Pinto, L. P. and Dutra, G. F. and Pereira, P. G. D.},
  title          = {Abrolhos 2000: Conserving the southern Atlantic's richest coastal biodiversity into the next century},
  journal        = {Coast. Manage.},
  volume         = {28},
  number         = {1},
  pages          = {99-108},
  month          = {},
  year           = 2000
}

@Article{gaeta_etal1999,
  author         = {Gaeta, S. A. and Lorenzzetti, J. A. and Miranda, L. B. and Susini-Ribeiro, S. and Pompeu, M.},
  title          = {The Vitória Eddy and its relation to the phytoplankton biomass and primary productivity during tha austral 1995},
  journal        = {Arch. Fish.Mar. Res.},
  volume         = {47},
  number         = {},
  pages          = {253-270},
  month          = {},
  year           = 1999
}

@Article{castro_miranda1998,
  author         = {Castro, B. M. and Miranda, L. B.},
  title          = {Physical oceanography of the western atlantic continental shelf located between 4$^\circ$N and 34$^\circ$S},
  journal        = ThS,
  volume         = {11},
  number         = {},
  pages          = {209-251},
  month          = {},
  year           = 1998
}

@Article{viera_grimshaw1994,
  author         = {Viera, F. and Grimshaw, R.},
  title          = {Topography forcing of coastal mesoscale phenomena - filamentation, vortex formation, and eddy detachment},
  journal        = JPO,
  volume         = {24},
  number         = {7},
  pages          = {1433-1448},
  month          = {},
  year           = 1994
}

@Article{thompson1993,
  author         = {Thompson, L.},
  title          = {Two-layer qusi-geostrophic flow over finite isolated topography},
  journal        = JPO,
  volume         = {23},
  number         = {7},
  pages          = {1297-1314},
  month          = {},
  year           = 1993
}

@Article{flierl1999,
  author         = {Flierl, G. R.},
  title          = {Thin jet and contour dynamics models of Gulf Stream meandering},
  journal        = DAO,
  volume         = {29},
  number         = {2-4},
  pages          = {189-215},
  month          = {},
  year           = 1999
}

@Article{meacham1991,
  author         = {Meacham, S. P.},
  title          = {Meander evolution on piecewise-uniform, quasi-geostrophic jets},
  journal        = JPO,
  volume         = {21},
  number         = {8},
  pages          = {1139-1170},
  month          = {},
  year           = 1991
}

@Article{pratt_etal1991,
  author         = {Pratt, L. J. and Earles, J. and Cornillon, P. and Cayula, J. F.},
  title          = {The nolinear behavior of varicose disturbances in a simple-model of the Gulf Stream},
  journal        = DSR,
  volume         = {38},
  number         = {},
  pages          = {S591-S622},
  month          = {},
  year           = 1991
}

@Article{polvani_etal1989,
  author         = {Polvani, L. M. and Zabusky, N. J and Flierl, G. R.},
  title          = {Two-layer geostrophic vortex dynamics .1. Upper-layer v-states and merger},
  journal        = JFM,
  volume         = {205},
  number         = {},
  pages          = {215-242},
  month          = {},
  year           = 1989
}

@Article{polvani1991,
  author         = {Polvani, L. M.},
  title          = {Two-layer geostrophic vortex dynamics .2. Alignment and two-layer v-sates},
  journal        = JFM,
  volume         = {225},
  number         = {},
  pages          = {241-270},
  month          = {},
  year           = 1991
}

@Article{pratt_stern1986,
  author         = {Pratt, L. J. and Stern, M. E.},
  title          = {Dynamics of potential vorticity fronts and eddy detachment},
  journal        = JPO,
  volume         = {16},
  number         = {6},
  pages          = {1101-1120},
  month          = {},
  year           = 1986
}

@Article{stern1985,
  author         = {Stern, M. E.},
  title          = {Lateral wave breaking and shingle formation in large-scale shear-flow},
  journal        = JPO,
  volume         = {15},
  number         = {10},
  pages          = {1274-1283},
  month          = {},
  year           = 1985
}

@Article{pullin1992,
  author         = {Pullin, D. I.},
  title          = {Contour Dynamics method},
  journal        = ARFM,
  volume         = {24},
  number         = {},
  pages          = {89-115},
  month          = {},
  year           = 1992
}

@Article{schmid_etal1995,
  author         = {Schmid, C. H. and Schafer, H. and Podesta, G. and Zenk, W.},
  title          = {The Vitória Eddy and its relation to the Brazil Current},
  journal        = JPO,
  volume         = {25},
  number         = {11},
  pages          = {2532-2546},
  month          = {},
  year           = 1995
}

@Article{johns1988,
  author         = {Johns, W. E.},
  title          = {One-dimensional baroclinically unstable waves on the Gulf Stream potencial vorticity gradient near Cape Hatteras},
  journal        = DAO,
  volume         = {11},
  number         = {3-4},
  pages          = {323-350},
  month          = {},
  year           = 1988
}

@Article{wust1936,
  author         = {W\"ust, G.},
  title          = {Schichtung und Zirukation des Atlantischen Ozeans: Das Bodenwasser und die gliederung der Atlantischen Tiefsee},
  journal        = {Wissenschaftliche Ergebnisse der Deutschen Atlantischen Expedition ``Meteor'' 1925-1927},
  volume         = {VI},
  number         = {1},
  pages          = {3-107},
  month          = {},
  year           = 1936
}

@Article{tsuchiya1985,
  author         = {Tsuchiya, M.},
  title          = {Evidence of a double-cell subtropical gyre in the South Atlantic Ocean},
  journal        = JMR,
  volume         = {43},
  number         = {1},
  pages          = {57-65},
  month          = {},
  year           = 1985
}

@Article{tomczak1981,
  author         = {Tomczak, M.},
  title          = {A multiparameter extension of temperatura/salinity diagram techniques for the analysis of non-isopycnal mixing.},
  journal        = POc,
  volume         = {10},
  number         = {3},
  pages          = {147-171},
  month          = {},
  year           = 1981
}

@Article{sprintall_tomczak1993,
  author         = {Sprintall, J. and Tomczak, M.},
  title          = {On the formation of Central Water and thermocline ventilation in the southern hemisphere},
  journal        = DSR,
  volume         = {40},
  number         = {4},
  pages          = {827-848},
  month          = {},
  year           = 1993
}

@Unpublished{silveira_etal2006,
  author         = {Silveira, I. C. A. and Lima, J. A.and Schmidt, A. C. K. and Ceccopieri, W. and Sartori, A. and Fontes, R. F. C.},
  title          = {Is the meander growth in the Brazil Current system due to baroclinic stability?},
  journal        = DAO,
  note           = {[submetido]},
  year           = 2006
}


@Article{silveira_etal1999,
  author         = {Silveira, I. C. A. and Flierl, G. R. and Brown, W. S.},
  title          = {Dynamics of separating western boundary currents},
  journal        = JPO,
  volume         = {29},
  number         = {2},
  pages          = {119-144},
  month          = {},
  year           = 1999
}

@Article{silveira_flierl2002,
  author         = {Silveira, I. C. A. and Flierl, G. R.},
  title          = {Eddy formation in 2-\nicefrac{1}{2} layer, quasigeostrophic jets},
  journal        = JPO,
  volume         = {32},
  number         = {3},
  pages          = {729-745},
  month          = {},
  year           = 2002
}

@Article{silveira_etal1994,
  author         = {Silveira, I. C. A. and Miranda, L. B. and Brown, W. S.},
  title          = {On the origins of the North Brazil Current},
  journal        = JGR,
  volume         = {99},
  number         = {C11},
  pages          = {22501-22512},
  month          = {},
  year           = 1994
}

@Article{silveira_etal2004,
  author         = {Silveira, I. C. A. and Calado, L. and Castro, B. M. and Cirano, M. and Lima, J. A. M. and Mascarenhas, A. S.},
  title          = {On the baroclinic structure of the Brazil Current Intermediate Western Boundary Current System},
  journal        = GRL,
  volume         = {31},
  number         = {14},
  pages          = {L14308},
  month          = {},
  year           = 2004
}

@Article{signorini1978,
  author         = {Signorini, S. R.},
  title          = {On the circulation and the volume transport of the Brazil Current between the Cape of São Tomé and Guanabara Bay},
  journal        = DSR,
  volume         = {25},
  number         = {5},
  pages          = {481-490},
  month          = {},
  year           = 1978
}

@Article{sandstrom_helland1903,
  author         = {Sandstr\"om, J. W. and Helland-Hansen, B.},
  title          = {\"Ubber die Berechnung von Meerestr\"omungen},
  journal        = {Rept. Norwegian Fishery and Marine Investigations},
  volume         = {2},
  number         = {4},
  pages          = {72-233},
  month          = {},
  year           = 1903
}

@Article{reid1989,
  author         = {Reid, J. L.},
  title          = {On the total geostrophic circulation of the South Atlantic Ocean: flow patterns, tracers and transports},
  journal        = POc,
  volume         = {23},
  number         = {3},
  pages          = {149-244},
  month          = {},
  year           = 1989
}

@Article{mascarenhas_etal1971,
  author         = {Mascarenhas, A. S. and Miranda, L. B. and Rock, N. J.},
  title          = {A study of oceanographic conditions in the region of Cabo Frio},
  journal        = {Costlow J. D.},
  volume         = {1},
  number         = {},
  pages          = {285:308},
  month          = {},
  year           = 1971
}

@Article{houry_etal1987,
  author         = {Houry, S. and Dombrowsky, E. and De Mey, P. and Minster, J.-F.},
  title          = {Brunt-V\"ais\"al\"a frequency and rossby radii in the South Atlantic},
  journal        = JPO,
  volume         = {17},
  number         = {10},
  pages          = {1619-1626},
  month          = {},
  year           = 1987
}

@Article{emery_meincke1986,
  author         = {Emery, W. J. and Meincke, J.},
  title          = {Global water masses: summary and review},
  journal        = OAc,
  volume         = {9},
  number         = {4},
  pages          = {383-391},
  month          = {},
  year           = 1986
}

@Article{denman_freeland1985,
  author         = {Denman, K. L. and Freeland, H. J.},
  title          = {Correlation scales, objective mapping and a statistical test of geostrophy over the continental shelf},
  journal        = JMR,
  volume         = {43},
  number         = {3},
  pages          = {517-539},
  month          = {},
  year           = 1985
}

@Article{defant1936,
  author         = {Defant, A.},
  title          = {Schichtung und Zirkulation des Atlantischen Ozeans: Die Troposph\"are},
  journal        = {Wissenschaftliche Ergebnisse der Deutschen Atlantischen Expedition ``Meteor'' 1925-1927},
  volume         = {VI},
  number         = {1},
  pages          = {289-411},
  month          = {},
  year           = 1936
}

@Article{boebel_etal1997,
  author         = {B\"oebel, O. and Schmid, C. and Zenk, W.},
  title          = {Flow and recirculation of Antartic Intermediate Water across the Rio Grande Rise},
  journal        = JGR,
  volume         = {102},
  number         = {C9},
  pages          = {20967-20986},
  month          = {},
  year           = 1997
}

@Article{boebel_etal1999,
  author         = {B\"oebel, O. and Davis, R. E. and Ollitraut, M. and Peterson, R. G. and Richard, P. L. and Schmid, C. and Zenk, W.},
  title          = {The intermediate depth circulation of the Western South Atlantic},
  journal        = GRL,
  volume         = {26},
  number         = {21},
  pages          = {3329-3332},
  month          = {},
  year           = 1999
}

@Article{tomczak1999,
  author         = {Tomczak, M.},
  title          = {Some historical, theoretical and applied aspects of quantitative water mass analysis},
  journal        = JMR,
  volume         = {57},
  number         = {2},
  pages          = {275-303},
  month          = {},
  year           = 1999
}

@Article{stramma_england1999,
  author         = {Stramma, L. and England, M.},
  title          = {On the water masses and mean circulation of the South Atlantic Ocean},
  journal        = JGR,
  volume         = {104},
  number         = {C9},
  pages          = {20863-20883},
  month          = {},
  year           = 1999
}

@Article{stramma_etal1990,
  author         = {Stramma, L. and Ikeda, Y. and Peterson, R. G.},
  title          = {Geostrophic transport in the Brazil Current region north of 20$^\circ$S},
  journal        = DSR,
  volume         = {37},
  number         = {12},
  pages          = {1875-1886},
  month          = {},
  year           = 1990
}

@Article{shtokman1943,
  author         = {Shtokman, V. B.},
  title          = {Geometrical proprieties of $\theta$−S curves in the mixing of three water masses in a infinite sea},
  journal        = {Problems of Artic},
  volume         = {1},
  number         = {},
  pages          = {32-71},
  month          = {},
  year           = 1943
}

@Article{campos_etal1995,
  author         = {Campos, E. J. D. and Gonçalves, J. E. and Ikeda, Y.},
  title          = {Water mass structure and geostrophic circulation in the South Brazil Bight - summer of 1991},
  journal        = JGR,
  volume         = {100},
  number         = {C9},
  pages          = {18537-18550},
  month          = {},
  year           = 1995
}

@Article{silveira_etalA,
  author         = {Silveira, I. C. A. and Schmidt, A. C. K. and Campos, E. J. D. and Godoi, S. S. and Ikeda, Y.},
  title          = {A Corrente do Brasil ao largo da costa leste brasileira},
  journal        = RBO,
  volume         = {48},
  number         = {2},
  pages          = {171-183},
  month          = {},
  year           = 2000
}

@Article{silveira_etalB,
  author         = {Silveira, I. C. A. and Brown, W. S. and Flierl, G. R.},
  title          = {Dynamics of the North Brazil Current retroflection from the WESTRAX observations},
  journal        = JGR,
  volume         = {105},
  number         = {C12},
  pages          = {28559-28583},
  month          = {},
  year           = 2000
}

@Article{rhines_schopp1991,
  author         = {Rhines, P. B. and Schopp, R.},
  title          = {The wind-driven circulation: quasi-geostrophic simulations and theory of nonsymmetric winds},
  journal        = JPO,
  volume         = {21},
  number         = {9},
  pages          = {1438-1469},
  month          = {},
  year           = 1991
}

@Article{reid_mantyla1976,
  author         = {Reid, J. L. and Mantyla, A. W.},
  title          = {Effect of the geostrophic flow upon coastal sea elevations in the Northern North Pacific Ocean},
  journal        = JGR,
  volume         = {81},
  number         = {C18},
  pages          = {3100-3110},
  month          = {},
  year           = 1976
}

@Article{poole_tomczak1999,
  author         = {Poole, R. and Tomczak, M.},
  title          = {Optimum multiparameter analysis of the water mass structure in the Atlantic Ocean thermocline},
  journal        = DSR,
  volume         = {46},
  number         = {11},
  pages          = {1895-1921},
  month          = {},
  year           = 1999
}

@Article{phillips1954,
  author         = {Phillips, N. A.},
  title          = {Energy transformations and meridional circulations associated with simple barolcinic waves in a two-layer, quasi-geostrophic model},
  journal        = TEL,
  volume         = {6},
  number         = {1},
  pages          = {273-286},
  month          = {},
  year           = 1954
}

@Article{montgomery1941,
  author         = {Montgomery, R. B.},
  title          = {Transport of the Florida Current off Habana},
  journal        = JMR,
  volume         = {4},
  number         = {3},
  pages          = {198-219},
  month          = {},
  year           = 1941
}

@Article{memery_etal2000,
  author         = {Mémery, L. and Arhan, M. and Alvarez-Salgado, X. A. and Messias, M.-J. and Mercier, H. and Castro, C. G. and Rios, A. F.},
  title          = {The water masses along the western boundary of the south and equatorial Atlantic},
  journal        = POc,
  volume         = {47},
  number         = {1},
  pages          = {69-98},
  month          = {},
  year           = 2000
}

@Article{groen1948,
  author         = {Groen, P.},
  title          = {Methods for estimating dynamics slopes and currents in shallow water},
  journal        = JMR,
  volume         = {7},
  number         = {3},
  pages          = {313-316},
  month          = {},
  year           = 1948
}

@Article{flierl1978,
  author         = {Flierl, G. R.},
  title          = {Models of vertical structure and the calibration of two-layer models},
  journal        = DAO,
  volume         = {2},
  number         = {4},
  pages          = {341-381},
  month          = {},
  year           = 1978
}

@Article{boyer_etal2005,
  author         = {Boyer, T. and Levitus, S. and Garcia, H. and Locarnini, R. A. and Stephens, C. and Antonov, J.},
  title          = {Objective analyses of annual, seasonal, and monthly temperature and salinity for the world ocean on a 0.25 degrees grid},
  journal        = IJC,
  volume         = {25},
  number         = {7},
  pages          = {931-945},
  month          = {JUN},
  year           = 2005
}

@Article{miranda1985,
  author         = {Miranda, L. B.},
  title          = {Forma da correlação T-S de massas de água das regiões costeira e oceânica entre o Cabe de São Tomé (RJ) e a Ilha de São Sebastião (SP)},
  journal        = BIO,
  volume         = {33},
  number         = {2},
  pages          = {105-119},
  month          = {},
  year           = 1985
}

@Article{bretherton_etal1976,
  author         = {Bretherton, F. P. and Russ, E. D. and Fandry, C. B. A.},
  title          = {Technic for Objetive Analysis and design of oceanographic experiments applied to MODE-73},
  journal        = DSR,
  volume         = {23},
  number         = {7},
  pages          = {559-582},
  month          = {},
  year           = 1976
}

@Article{schmitz1995,
  author         = {Schmitz, W. J.},
  title          = {On the interbasin-scale thermohaline circulation},
  journal        = RG,
  volume         = {33},
  number         = {2},
  pages          = {151-173},
  month          = {},
  year           = 1995
}

@Article{carter_robinson1987,
  author         = {Carter, E. F. and Robinson, A. R.},
  title          = {Analysis models for the estimation of oceanic fields},
  journal        = JAOT,
  volume         = {4},
  number         = {1},
  pages          = {49-74},
  month          = {},
  year           = 1987
}

@phdthesis{calado2006,
  author         = {Calado, L.},
  title          = {Dinâmica da interação da atividade de meso-escala da Corrente do Brasil com o fenômeno da ressurgência costeira ao largo de Cabo Frio e Cabo de São Tomé, RJ},
  school         = {Universidade de São Paulo},
  address        = {São Paulo},
  pages          = {144},
  year           = 2006
}

@phdthesis{lima1997,
  author         = {Lima, J. A. M.},
  title          = {Oceanic circulation on the Brazil Current shelf break and slope at 22$^\circ$S},
  school         = {University of New South Wales},
  address        = {New South Wales},
  pages          = {144},
  year           = 1997
}

@phdthesis{castro1985,
  author         = {Castro, B, M.},
  title          = {Subtidal response to wind forcing in the south Brazil bight during winter},
  school         = {University of Miami},
  address        = {Florida},
  pages          = {211},
  year           = 1985
}

@phdthesis{godoi2005,
  author         = {Godoi, S. S.},
  title          = {Dinâmica quase-geostrófica do sistema Corrente do Brasil no embanhamento de São Paulo (23,5$^\circ$-27$^\circ$S)},
  school         = {Universidade de São Paulo},
  address        = {São Paulo},
  pages          = {133},
  year           = 2005
}

@phdthesis{garfield1990,
  author         = {Garfield, N.},
  title          = {The Brazil Current at subtropical latitudes},
  school         = {University of Rhode Island},
  address        = {Rhode Island},
  pages          = {121},
  year           = 1990
}

@phdthesis{zemba1991,
  author         = {Zemba, J. C.},
  title          = {The structure and transport of the Brazil Current between 27$^\circ$ and 36$^\circ$ South},
  school         = {Massachusetts Institute of Technology and Woods Hole Oceanographic Institution},
  address        = {Massachusetts},
  pages          = {160},
  year           = 1991
}

@phdthesis{goncalves2000,
  author         = {Gonçalves, J. E.},
  title          = {Características e circulação de massas de água no limite oeste do Atlântico Sul entre 20$^\circ$ e 30$^\circ$S},
  school         = {Universidade de São Paulo},
  address        = {São Paulo},
  pages          = {133},
  year           = 2000
}

@phdthesis{silva1995,
  author         = {Silva, M. P.},
  title          = {Caracterização físico-química das massas de água da Bacia de Santos durante o projeto COROAS. Verão e Inverno de 1993},
  school         = {Universidade de São Paulo},
  address        = {São Paulo},
  pages          = {135},
  year           = 1995
}

@phdthesis{wang1992,
  author         = {Wang, X.},
  title          = {Interaction of an eddy with a continental slope},
  school         = {Massachusetts Institute of Technology and Woods Hole Oceanographic Institution},
  address        = {Massachusetts},
  pages          = {216},
  year           = 1992
}

@phdthesis{schmidt2004,
  author         = {Schmidt, A. C. K.},
  title          = {Interação margem continental, vórtices e jatos geofísicos},
  school         = {Universidade de São Paulo},
  address        = {São Paulo},
  pages          = {201},
  year           = 2004
}

@Manual{fofonoff_millard1983,
  author         = {Fofonoff, P. and Millard, R. C. Jr.},
  title          = {Algorithms for computation of fundamental properties of seawater},
  organization   = {UNESCO Tech. Pap. in Mar. Sci.},
  pages          = {53},
  year           = 1983
}

@Anais{godoi_etal2000,
  author         = {Godoi, S. S. and Francisco, C. P. F. and Silveira, I. C. A. and Campos, E. J. D.},
  title          = {Estrutura vertical da Corrente do Brasil na Bacia de Santos - Condições de inverno},
  journal        = {Anais da XIII Semana Nacional de Oceanografia},
  school         = {Universidade do Vale do Itajaí},
  address        = {Itajaí},
  pages          = {369-371},
  year           = 2000
}

@Workshop{godoi_etal2004,
  author         = {Godoi, S. S. and Calado, L. and Silveira, I. C. A. and Miranda, L. B.},
  title          = {O nível de inversão da Corrente do Brasil: uma nova abordagem},
  journal        = {II Simpósio Brasileiro de Oceanografia},
  school         = {Universidade de São Paulo},
  address        = {São Paulo},
  year           = 2000
}

@Workshop{vianna_etal2005,
  author         = {Vianna, M. L. and Chambers, D. and Menezes, V. V.},
  title          = {Mean dynamic topography based on the GRACE GGM02 Model and Altimeter MSS: Can we capture subgyre structures by use of adaptive filters?},
  journal        = {2005 Joint Assembly},
  school         = {Convention Center Boulevard},
  address        = {New Orleans},
  year           = 2005
}

@Workshop{mattos_etal2003,
  author         = {Mattos, R. A. and Calado, L. and Silveira, I. C. A.},
  title          = {Estrutura vertical do Sistema Corrente do Brasil ao largo de Cabo Frio (23$^\circ$S)},
  journal        = {11$^\circ$ Simpósio Internacional de Iniciação Científica da Universidade de São Paulo},
  school         = {Universidade de São Paulo},
  address        = {São Carlos},
  year           = 2003
}

@Book{levitus1982,
  author         = {Levitus, S.},
  title          = {Climatological atlas of the World Ocean},
  publisher      = {NOAA/ERL GFDL Professional Paper 13},
  edition        = {},
  address        = {New Jersey},
  pages          = {173},
  year           = 1982
}

@Book{mamayev1975,
  author         = {Mamayev, O. I.},
  title          = {Temperature-salinity analysis of world ocean waters},
  publisher      = ESP,
  edition        = {},
  address        = {Amsterdam},
  pages          = {374},
  year           = 1975
}

@Book{pond_pickard1991,
  author         = {Pond, S. and Pickard, G. L.},
  title          = {Introductory dynamical oceanography},
  publisher      = BH,
  edition        = {},
  address        = {Oxford},
  pages          = {349},
  year           = 1983
}

@Book{sverdrup_etal1942,
  author         = {Sverdrup, H. U. and Johnson, M. W. and Fleming, R. H.},
  title          = {The Oceans, their physics, chemistry, and general biology},
  publisher      = PHI,
  edition        = {},
  address        = {New Jersey},
  pages          = {1087},
  year           = 1942
}

@Book{cushman1994,
  author         = {Cushman-Roisin, B.},
  title          = {Introduction to geophysical fluid dynamics},
  publisher      = PHI,
  edition        = {},
  address        = {New Jersey},
  pages          = {320},
  year           = 1994
}

@Book{pedlosky1987,
  author         = {Pedlosky, J.},
  title          = {Geophysical fluid dynamics},
  publisher      = SV,
  edition        = {},
  address        = {New York},
  pages          = {728},
  year           = 1987
}

@Book{emery_thomson1998,
  author         = {Emery, W. J. and Thomson, R. E.},
  title          = {Data analysis methods in physical oceanography},
  publisher      = Perg,
  edition        = {},
  address        = {Great Britain},
  pages          = {634},
  year           = 1998
}

@Book{tomczak_godfrey1994,
  author         = {Tomczak, M. and Godfrey, J. S.},
  title          = {Regional oceanography: an introduction},
  publisher      = Perg,
  edition        = {},
  address        = {Great Britain},
  pages          = {422},
  year           = 1994
}

@mastersthesis{mattos2006,
  author         = {Mattos, R. A.},
  title          = {Feições de meso e grande escalas da Corrente do Brasil ao largo do sudeste brasileiro},
  school         = {Universidade de São Paulo},
  address        = {São Paulo},
  pages          = {126},
  year           = 2006
}

@mastersthesis{chen2002,
  author         = {Chen, F. S.},
  title          = {Diagnóstico das condições oceanográficas na Bacia de Santos com base nos resultados da Comissão Oceano Sudeste I do NOc. Antares},
  school         = {Universidade de São Paulo},
  address        = {São Paulo},
  pages          = {88},
  year           = 2002
}

@mastersthesis{calado2001,
  author         = {Calado, L.},
  title          = {Dinâmica da formação dos meandros e vórtices da Corrente do Brasil ao largo do sudeste brasileiro},
  school         = {Universidade de São Paulo},
  address        = {São Paulo},
  pages          = {95},
  year           = 2001
}

@mastersthesis{fernandes2001,
  author         = {Fernandes, A. M.},
  title          = {Dinâmica baroclínica da Corrente do Brasil na região sudeste},
  school         = {Universidade de São Paulo},
  address        = {São Paulo},
  pages          = {108},
  year           = 2001
}

@mastersthesis{goncalves1993,
  author         = {Gonçalves, J. E.},
  title          = {Estrutura termohalina, campos de velocidade e transportes geostróficos da Corrente do Brasil entre Rio de Janeiro (RJ) e Iguape (SP)},
  school         = {Universidade de São Paulo},
  address        = {São Paulo},
  pages          = {98},
  year           = 1993
}

@mastersthesis{velhote1998,
  author         = {Velhote, D.},
  title          = {Modelagem numérica da ressurgência da quebra de plataforma induzida por vórtices ciclônicos da Corrente do Brasil na Bacia de Santos},
  school         = {Universidade de São Paulo},
  address        = {São Paulo},
  pages          = {134},
  year           = 1998
}

@mastersthesis{freitas2003,
  author         = {Freitas, A. C. N.},
  title          = {A estrutura vertical do sistema de Correntes de Contorno Oeste ao sul da bifurcação de Santos},
  school         = {Fundação Universidade Federal do Rio Grande},
  address        = {Rio Grande do Sul},
  pages          = {124},
  year           = 2003
}

@mastersthesisun{mattos2006,
  author         = {Mattos, R. A.},
  title          = {Uma abordagem quase-geostrófica da circulação oceânica superior ao largo da costa sudeste brasileira},
  school         = {Universidade de São Paulo},
  address        = {São Paulo},
  note           = {[a ser defendida entre julho-setembro]},
  year           = 2006
}

@incollection{leao_etal2003,
  author         = {Leão, Z. M. A. N. and Kikuchi, R. K. and Testa, V.},
  booktitle      = {Latin american coral reefs, J. Cortéz (editor)},
  title          = {Corals and coral reefs of Brazil},
  publisher      = {Elsevier Science CO.},
  edition        = {1$^a$},
  address        = {Amsterdam},
  pages          = {},
  year           = 2003
}

@incollection{richardson1983,
  author         = {Richardson, P. L.},
  booktitle      = {Eddies in marine science, A. R. Robinson (editor)},
  title          = {Gulf Stream rings},
  publisher      = {Springer-Verlag},
  edition        = {},
  address        = {Berlin Heidelberg},
  pages          = {19-45},
  year           = 1983
}

@incollection{watts1983,
  author         = {Watts, D. R.},
  booktitle      = {Eddies in marine science, A. R. Robinson (editor)},
  title          = {Gulf Stream variability},
  publisher      = {Springer-Verlag},
  edition        = {},
  address        = {Berlin Heidelberg},
  pages          = {114-144},
  year           = 1983
}

@incollection{blumberg_mellor1987,
  author         = {Blumberg, A. F. and Mellor, G. L.},
  booktitle      = {Three-dimensional coastal ocean models, N. S. Heaps (editor)},
  title          = {A description of a three-dimensional coastal ocean circulation model},
  publisher      = {American Geophysical Union},
  edition        = {},
  address        = {Washington},
  pages          = {1-16},
  year           = 1987
}

@incollection{vianna_menezes2005,
  author         = {Vianna, M. L. and Menezes, V. V.},
  booktitle      = {Oceanografia por satélites, R. B. Souza (editor)},
  title          = {Circulação oceânica: monitoramento por meio de altimetria multi-satélite},
  publisher      = {Oficina de Textos},
  edition        = {},
  address        = {São Paulo},
  pages          = {50-60},
  year           = 2005
}

@incollection{mello_etal1992,
  author         = {Mello, G. A. and Flood, R. D. and Orsi, T. H. and Lowrie, A.},
  booktitle      = {Geologic evolution of Atlantic continental rises, C. W. Poag and P. C. Graciansky (editors)},
  title          = {Southern Brazil Basin: sedimentary processes and features and implications for continental-rise evolution},
  publisher      = {Van Nostrand Reinhold},
  edition        = {},
  address        = {New York},
  pages          = {189-213},
  year           = 1992
}







