@comment{This file has been generated by Pybliographer}

@Article{a,
  author         = {},
  title          = {},
  journal        = {},
  volume         = {},
  number         = {},
  pages          = {},
  month          = {},
  year           = 
}

@Article{munk1950,
  author         = {Munk, W. H. },
  title          = {On the wind-driven ocean circulation},
  journal        = {Journal of Meteorology},
  volume         = {7},
  number         = {},
  pages          = {79-93},
  month          = {},
  year           = 1950
}

@Article{schott_etal2005,
  author         = {Schott, F. A. and Dengler, M. and Zantopp, R. and Stramma, L. and Fisher, J. and Brandt, P.},
  title          = {The shallow and deep western boundary current circulation of South Atlantic at 5$^\circ$S - 11$^\circ$S},
  journal        = {J. Phys. Oceanogr.},
  volume         = {35},
  number         = {},
  pages          = {2031-2053},
  month          = {nov},
  year           = 2005
}

@Article{sverdrup1947,
  author         = {Sverdrup, H. U.},
  title          = {Wind-driven currents in a baroclinic ocean; with application to the equatorial currents of the eastern Pacific},
  journal        = {Proc. Nat. Acad. Sci.},
  volume         = {33},
  number         = {},
  pages          = {318-326},
  month          = {},
  year           = 1947
}

@Article{pickard_lindstrom1993,
  author         = {Pickard, R. S. and Lindstrom, S. S.},
  title          = {A Comparisom of Techniques for Referencing Geostrophic Velocities},
  journal        = {J. Atmos. Oc. Tech.},
  volume         = {11},
  number         = {},
  pages          = {814-824},
  month          = {Sep},
  year           = 1993
}

@Article{pollard_read1989,
  author         = {Pollard, R. and Read, J.},
  title          = {A Method for Calibrating Shipmounted Acoustic Doppler Profilers and limitations of Gyro Compasses},
  journal        = {JAOT},
  volume         = {6},
  number         = {6},
  pages          = {859-865},
  month          = {dec},
  year           = 1989
}

@Article{joyce1989,
  author         = {Joyce, T. M.},
  title          = {On In Situ ``Calibration'' of Shipboard ADCPs},
  journal        = {J. Atmos. Oc. Tech.},
  volume         = {6},
  number         = {6},
  pages          = {169-172},
  month          = {feb},
  year           = 1989
}

@Article{stommel1948,
  author         = {Stommel, H.},
  title          = {The westward intensification of wind-driven ocean currents},
  journal        = {Trans. Am. Geophys. Union},
  volume         = {29},
  number         = {},
  pages          = {202-206},
  month          = {},
  year           = 1948
}

@Article{qu_lukas2003,
  author         = {Qu, T. and Lukas, R.},
  title          = {The bifurcation of the North Equatorial Current in the Pacific},
  journal        = {J. Phys. Oceanogr.},
  volume         = {33},
  number         = {},
  pages          = {5-18},
  month          = {},
  year           = 2003
}

@Article{wienders_etal2000,
  author         = {Wienders, N. and Arhan, M and Mercier, H.},
  title          = {Circulation at the western boundary of the South and Equatorial Atlantic: exchanges with the ocean interior},
  journal        = {J. Mar. Res.},
  volume         = {58},
  number         = {},
  pages          = {1007-1039},
  month          = {},
  year           = 2000
}

@Article{talley2003,
  author         = {Talley, L. D.},
  title          = {Shallow, intermediate, and deep overturning components of the global heat budget},
  journal        = {J. Phys. Oceanogr.},
  volume         = {33},
  number         = {},
  pages          = {530-560},
  month          = {},
  year           = 2003
}

@Article{ganachaud2003,
  author         = {Ganachaud, A.},
  title          = {Large-scale mass transports, water mass formation, and diffusivities estimated from World Ocean Circulation Experiment (WOCE) hydrographic data},
  journal        = {J. Geophys. Res-Oceans},
  volume         = {108},
  number         = {3216},
  pages          = {DOI:10.1029/2002JC001565},
  month          = {},
  year           = 2003 
}

@Article{lumpkin_speer2003,
  author         = {Lumpkin, R. and Speer, K.},
  title          = {Large-scale vertical and horizontal circulation in the North Atlantic Ocean},
  journal        = {J. Phys. Oceanogr.},
  volume         = {33},
  number         = {},
  pages          = {1902-1920},
  month          = {},
  year           = 2003
}

@Article{rodrigues_etal2006,
  author         = {Rodrigues, R. R. and  Rothstein, L. M. and Wimbush, M.},
  title          = {Seasonal Variability of the South Equatorial Current Bifurcation in the Atlantic Ocean: A Numerical Study},
  journal        = {J. Phys. Oceanogr.},
  volume         = {37},
  number         = {},
  pages          = {16-30},
  month          = {May},
  year           = 2006
}

@Article{sutton_chereskin2002,
  author         = {Sutton, P. J. H. and Chereskin, T. K.},
  title          = {Absolute geostrophic currents in the East Australian Auckland Current region},
  journal        = {N. Zel. J. Mar. Fresh W. Res.},
  volume         = {36},
  number         = {},
  pages          = {751-762},
  month          = {},
  year           = 2002
}

@Article{stramma_etal1995,
  Author         = {Stramma, L. and Fischer, J. and Reppin, J.},
  Title          = {The North Brazil Undercurrent},
  Journal        = {Deep-Sea Research Part I - Oceanographic Research Papers},
  Volume         = {42},
  Number         = {5},
  Pages          = {773 -- 795},
  month          = {MAY},
  sourceid       = {ISI:A1995RP13300009},
  year           = 1995
}

@Article{miranda_castro1981,
  Author         = {Miranda, L. B. and Castro, B. M.},
  Title          = {Geostrophic flow conditions at $19^o$ S},
  Journal        = {Ciência Interamericana},
  Volume         = {22},
  Number         = {1-2},
  Pages          = {44-48},
  year           = 1981
}

@Article{stramma1991,
  Author         = {Stramma, L.},
  Title          = {Geostrophic Transport of the South Equatorial Current in the Atlantic},
  Journal        = {Journal of Marine Research},
  Volume         = {49},
  Number         = {2},
  Pages          = {281 -- 294},
  month          = {MAY},
  sourceid       = {ISI:A1991FY14300003},
  year           = 1991
}


@Article{james_etal1999,
  author         = {James, C. and Wimbush, M. and Ichikawa, H.},
  title          = {Kuroshio meanders in the East China Sea},
  journal        = {JPO},
  volume         = {29},
  number         = {},
  pages          = {259-272},
  month          = {},
  year           = 1999
}

@Article{charney_stern1962,
  author         = {Charney, J.G. and Stern, M.},
  title          = {On the stability of internal baroclinic jets in a rotating atmosphere.},
  journal        = {JAS},
  volume         = {19},
  number         = {},
  pages          = {159-172},
  month          = {},
  year           = 1962
}

@Article{eady1949,
  author         = {Eady, E. T.},
  title          = {Long waves and cyclone waves},
  journal        = {TL},
  volume         = {1},
  number         = {},
  pages          = {33-52},
  month          = {},
  year           = 1949
}


@Article{charney1954,
  author         = {Charney, J.G.},
  title          = {The dynamics of long waves in a baroclinic westerly current},
  journal        = {JM},
  volume         = {4},
  number         = {},
  pages          = {135-163},
  month          = {},
  year           = 1954
}


@Article{johns1988,
  author         = {Johns, W. E.},
  title          = {One-dimensional baroclinically unstable wavwa on the Gulf Stream Potencial Vorticity Gradient near Cape Hatteras},
  journal        = {DAO},
  volume         = {11},
  number         = {},
  pages          = {323-350},
  month          = {},
  year           = 1988
}

@Article{fu1981,
  author         = {Fu, L.},
  title          = {The general circulation and meridional heat transport of the subtropical South Atlantic determined by inverse method},
  journal        = {JPO},
  volume         = {11},
  number         = {},
  pages          = {1171-1193},
  month          = {},
  year           = 1981
}

@Article{muller_etal1998,
  author         = {M\"uller, J. M. and Ikeda, Y. and Zangenberg, N. and Nonato, L. V.},
  title          = {Direct measurements of western boundary currents off Brazil between 20$^\circ$ S and 28$^\circ$ S},
  journal        = JGR,
  volume         = {103},
  number         = {C3},
  pages          = {5429-5437},
  month          = {},
  year           = 1998
}

@Article{urbano_silveira2003,
  author         = {Urbano, D. F. and Silveira, I. C. A.},
  title          = {Estrutura dinâmica das contra-correntes equatoriais do Oceano Atlântico ao longo de 44$^\circ$ W},
  journal        = RBGf,
  volume         = {21},
  number         = {2},
  pages          = {145-162},
  month          = {},
  year           = 2003
}
@Article{silveira_etal2003,
  author         = {Silveira, I. C. A. and Calado, L. and Francisco, C. P. F.},
  title          = {Instabilidade linear de cisalhamento vertical em jatos geofísicos meridionais},
  journal        = RBGf,
  volume         = {21},
  number         = {2},
  pages          = {133-145},
  month          = {},
  year           = 2003
}

@Article{lippert_briscoe1990,
  author         = {Lippert, A. and Briscoe, M. G.},
  title          = {Observations and EOF analysis of low frequency variability in the western part of the Gulf Stream recirculation},
  journal        = JPO,
  volume         = {20},
  number         = {},
  pages          = {646-656},
  month          = {},
  year           = 1990
}

@Article{kundu_etal1976,
  author         = {Kundu, P.K.and Allen, J. S. and Smith, R.L.},
  title          = {Modal decomposition of the velocity near the Oregon coast},
  journal        = JPO,
  volume         = {5},
  number         = {},
  pages          = {683-704},
  month          = {},
  year           = 1976
}

@Article{denbo_allen1984,
  author         = {Denbo, D. W. and Allen, J. S.},
  title          = {Rotary empirical orthogonal functions analysis of currents near the Oregon coast},
  journal        = JPO,
  volume         = {14},
  number         = {},
  pages          = {35-46},
  month          = {},
  year           = 1984
}

@Article{pinardi_robinson1987,
  author         = {Pinardi, N. and Robinson, A. R.},
  title          = {Dynamics of deep thermocline jets in the POLYMODE region},
  journal        = JPO,
  volume         = {17},
  number         = {},
  pages          = {1163-1188},
  month          = {},
  year           = 1987
}

@Article{ezer_mellor1994,
  author         = {Ezer, T. and Mellor, G. L.},
  title          = {Diagnostic and prognostic calculations for the North Atlantic circulation and sea level using a sigma coordinate model},
  journal        = JGR,
  volume         = {99},
  number         = {14},
  pages          = {14159-14171},
  month          = {},
  year           = 1994
}

@Article{mellor_etal1994,
  author         = {Mellor, G. L. and Ezer, T. and Oey, L.-Y.},
  title          = {The pressure gradient counudrum of sigma coordinate ocean models},
  journal        = JAOT,
  volume         = {11},
  number         = {},
  pages          = {},
  month          = {1126-1134},
  year           = 1994
}

@Article{allen_etal1995,
  author         = {Allen, J. S. and Newberger, P. A. and Frederiuk, J.},
  title          = {Upwelling circulation on the Oregon continental shelf. Part I: Response to idealized forcing},
  journal        = JPO,
  volume         = {25},
  number         = {},
  pages          = {1843-1866},
  month          = {},
  year           = 1995
}

@Article{mellor_yamada1982,
  author         = {Mellor, G. L. and Yamada, T.},
  title          = {Development of turbulent closure model for geophysical fluid dynamics problems},
  journal        = RGSP,
  volume         = {20},
  number         = {},
  pages          = {851-875},
  month          = {},
  year           = 1992
}


@Article{mariano1989,
  author         = {Mariano, A. J.},
  title          = {Estimation of mesoscale vertical derivatives of potential temperature and density from hydrographic data},
  journal        = JAOT,
  volume         = {6},
  number         = {6},
  pages          = {1013-1023},
  month          = {},
  year           = 1989
}


@Article{mariano_brown1992,
  author         = {Mariano, A. J. and Brown, O. B.},
  title          = {Efficient objective analysis of dynamically heterogeneous and nonstationary fields via the parameter matrix},
  journal        = DSR,
  volume         = {39},
  number         = {7/8},
  pages          = {1255-1271},
  month          = {},
  year           = 1992
}

@Article{miranda_castro1979,
  author         = {Miranda, L.B. and Castro Filho, B. M.},
  title          = {Condi\c c\~oes do movimento geostr\'ofico das \'aguas adjacentes a Cabo Frio (RJ). },
  journal        = BIO,
  volume         = {28},
  number         = {2},
  pages          = {79-83},
  month          = {},
  year           = 1979
}

@Article{evans_etal1983,
  author         = {Evans, D.L. and Signorini, S. R. and Miranda, L.B.},
  title          = { A note on the transport of the Brazil Current},
  journal        = JPO,
  volume         = {13},
  number         = {},
  pages          = {1732-1738},
  month          = {},
  year           = 1983
}

@Article{evans_signorini1985,
  author         = {Evans, D.L. and Signorini, S. R.},
  title          = {Vertical structure of the Brazil Current},
  journal        = NT,
  volume         = {315},
  number         = {},
  pages          = {48-50},
  month          = {},
  year           = 1985
}

@Article{stramma1989,
  author         = {Stramma, L.},
  title          = {The Brazil Current transport south of 23$^\circ$S},
  journal        = DSR,
  volume         = {36},
  number         = {},
  pages          = {639-646},
  month          = {},
  year           = 1989
}

@Article{tomczak_etal1996,
  author         = {Tomczak, M. and Otto, P. and Church, J and Boland, F.,},
  title          = {Transport estimates for the East Australian Current from PCM3 mooring array},
  journal        = {},
  volume         = {23},
  number         = {},
  pages          = {29-30},
  month          = {},
  year           = 1996
}

@Article{stommel1958,
  author         = {Stommel, H.},
  title          = {The abyssal circulation},
  journal        = DSR,
  volume         = {5},
  number         = {},
  pages          = {80-82},
  month          = {},
  year           = 1958
}

@Article{provost_etal1995,
  author         = {Provost, C. and Gana, s. and Gar\c{c}on, V. and Maamaatauiahutapu, K. and England, M.},
  title          = {Hydrographic conditions in the Brazil-Malvianas confluence during austral summer 1990},
  journal        = JGR,
  volume         = {100},
  number         = {},
  pages          = {10665-10678},
  month          = {},
  year           = 1995
}

@Article{larque_etal1997,
  author         = {Larqué, L. and Maamaatauiahutapu, K. and Garçon, V.},
  title          = {On the intermediate and deep water flows in the South Atlantic Ocean},
  journal        = JGR,
  volume         = {102},
  number         = {12},
  pages          = {12425-12440},
  month          = {},
  year           = 1997
}

@Article{gordon_greengrove1986,
  author         = {Gordon, A.L. and Greengrove, C. H.},
  title          = { Geostrophic circulation of the Brazil-Falkland confluence},
  journal        = DSR,
  volume         = {33},
  number         = {5},
  pages          = {573-585},
  month          = {},
  year           = 1986
}

@Article{weatherly1993,
  author         = {Weatherly, G.L.},
  title          = {On deep-current and hydrographic observations from a mudwave region and elsewhere in the Argentine basin},
  journal        = DSR,
  volume         = {40},
  number         = {4/5},
  pages          = {939-961},
  month          = {},
  year           = 1993
}

 @Article{emilson1961,
  author         = {Emilson, I.},
  title          = {The shelf and coastal waters off Sourthern Brazil},
  journal        = BIO,
  volume         = {17},
  number         = {2},
  pages          = {101-112},
  month          = {},
  year           = 1961
}

@Article{memery_etal2000,
  author         = {Mémery, L. and Arhan, M. and Alvarez-Salgado, X. A. and Messia, M-J. and Mercier, H. and Castro, C. G. and Rios, A. F.},
  title          = {The water masses along the western boundary of the south and equatorial Atlantic},
  journal        = POc,
  volume         = {47},
  number         = {},
  pages          = {69-98},
  month          = {},
  year           = 2000
}

@Article{calado_etal2006,
  author         = {Calado, L. and Gangopadhyay, A. and  Silveira, I. C. A},
  title          = {A parametric model for the Brazil Current meanders and eddies off southeastern Brasil},
  journal        = GRL,
  volume         = {33},
  number         = {},
  pages          = {LI2602},
  month          = {},
  year           = 2006
}

@Article{schmid_etal2000,
  author         = {Schmid, C. and Siedler, G. and Zenk, W.},
  title          = {Dynamics of the Intermediate Water in the Subtropical South Atlantic},
  journal        = JPO,
  volume         = {30},
  number         = {},
  pages          = {3191-3211},
  month          = {},
  year           = 2000
}
@Article{mahiques_etal2005,
  author         = {Mahiques, M. M. and Bícego, M. C. and  Silveira, I. C. A. and Sousa, S. H. M. and Lourenço, R.A. and Fukamoto, M. M.},
  title          = {Modern sedimentation in the Cabo Frio upwelling system, Southeastern Brazilian shelf},
  journal        = AABC,
  volume         = {73},
  number         = {3},
  pages          = {535-548},
  month          = {},
  year           = 2005
}

@Article{mahiques_etal2004,
  author         = {Mahiques, M. M. and Tessler, M. G. and Ciotti, A. M. and  Silveira, I. C. A. and Sousa, S. H. M. and Figureira, R. L., Tassinari, C. C. G. and Furtado, V. V. and Passos, R. F.},
  title          = {Hydrodynamically driven patterns of modern sedimentation in the shelf and upper slope off Southeast Brazil },
  journal        = CSR,
  volume         = {24},
  number         = {},
  pages          = {1685-1697},
  month          = {},
  year           = 2004
}

@Article{viana_etal1998,
  author         = {Viana, A. R. and Faugères, J. C. and Kowsmann, R. O. and Lima, J. A. M. and Caddah, L. F. G. and Rizzo, J. G.},
  title          = {Hydrology, morphology and sedimentology of the Campos continental margin, offshore Brazil},
  journal        = SG,
  volume         = {115},
  number         = {},
  pages          = {133-157},
  month          = {},
  year           = 1998
}

@Article{tapley_etal2004,
  author         = {Tapley, B. D. and Bettadpur, S. and Watkins, M. and Reigber, C.},
  title          = {The gravity recovery and climate experiment: Mission overview and early results},
  journal        = GRL,
  volume         = {31},
  number         = {9},
  pages          = {L09607},
  month          = {},
  year           = 2004
}

@Article{yoshida_kidokoro1967b,
  author         = {Yoshida, Y. and Kidokoro, T.},
  title          = {A Subtropical Countercurrent (II) - A prediction of eastward flows at lower subtropical latitudes},
  journal        = JOSJ,
  volume         = {23},
  number         = {5},
  pages          = {231-246},
  month          = {},
  year           = 1967
}

@Article{yoshida_kidokoro1967a,
  author         = {Yoshida, Y. and Kidokoro, T.},
  title          = {A Subtropical Counter-current in the North Pacific - An eastward flow near the Subtropical Convergence},
  journal        = JOSJ,
  volume         = {23},
  number         = {2},
  pages          = {88-91},
  month          = {},
  year           = 1967
}

@Article{stommel_etal1978,
  author         = {Stommel, H. and Niiler, P. and Anati, D.},
  title          = {Dynamic topography and recirculation of the North Atlantic},
  journal        = JMR,
  volume         = {36},
  number         = {3},
  pages          = {449-468},
  month          = {},
  year           = 1978
}

@Article{reid_etal1977,
  author         = {Reid, J. L. and Nowlin, W. D. and Patzert, W. C.},
  title          = {On the characteristics and circulation of the southwestern Atlantic Ocean},
  journal        = JPO,
  volume         = {7},
  number         = {1},
  pages          = {62–91},
  month          = {},
  year           = 1977
}

@Article{wyrtki1975,
  author         = {Wyrtki, K.},
  title          = {Fluctuations of the dynamic topography in the Pacific Ocean},
  journal        = JPO,
  volume         = {5},
  number         = {3},
  pages          = {},
  month          = {450–459},
  year           = 1975
}

@Article{reid1978,
  author         = {Reid, J. L.},
  title          = {On the mid-depth circulation and salinity field in the North Atlantic Ocean},
  journal        = JGR,
  volume         = {83},
  number         = {C10},
  pages          = {5063-5067},
  month          = {},
  year           = 1978
}

@Article{reid_mantyla1978,
  author         = {Reid, J. L. and Mantyla, A. W.},
  title          = {On the mid-depth circulation of the North Pacific Ocean},
  journal        = JPO,
  volume         = {8},
  number         = {6},
  pages          = {946–951},
  month          = {},
  year           = 1978
}

@Article{hasunuma_yoshida1978,
  author         = {Hasunuma, K. and Yoshida, K.},
  title          = {Splitting of the subtropical gyre in the western North Pacific},
  journal        = JOSJ,
  volume         = {34},
  number         = {4},
  pages          = {160-172},
  month          = {},
  year           = 1978
}

@Article{uda_hasunuma1969,
  author         = {Uda, M. and Hasunuma, K.},
  title          = {The eastward Subtropical Countercurrent in the western North Pacific Ocean},
  journal        = JOSJ,
  volume         = {25},
  number         = {4},
  pages          = {201-210},
  month          = {},
  year           = 1969
}

@Article{gordon_greengrove1986,
  author         = {Gordon, A. L. and Greengrove, C. L.},
  title          = {Geostrophic circulation on the Brazil-Falkland Confluence},
  journal        = DSR,
  volume         = {33},
  number         = {5},
  pages          = {573-585},
  month          = {},
  year           = 1986
}

@Article{xue_mellor1993,
  author         = {Xue, H. J. and Mellor, G.},
  title          = {Instability of the Gulf-Stream Front in the South-Atlantic Bight},
  journal        = JPO,
  volume         = {23},
  number         = {11},
  pages          = {2326-2350},
  month          = {},
  year           = 1993
}

@Article{lentini_etal2002,
  author         = {Lentini, C. A. D. and Olson, D. B. and Podesta, G. P.},
  title          = {Statistics of Brazil Current rings observed from AVHRR: 1993 to 1998},
  journal        = GRL,
  volume         = {29},
  number         = {16},
  pages          = {1811},
  month          = {},
  year           = 2002
}

@Article{olson_etal1988,
  author         = {Olson, D. B. and Podesta, G. P. and Evans, R. H. and Brown, O. B.},
  title          = {Temporal variations in the separation of Brazil and Malvinas currents},
  journal        = DSR,
  volume         = {35},
  number         = {12},
  pages          = {1971-1990},
  month          = {},
  year           = 1988
}

@Article{olson_etal1983,
  author         = {Olson, D. B. and Brown, O. B. and Emmerson, S. R.},
  title          = {Gulf Stream frontal statistics from Florida straits to Cape Hatteras derived from satellite and historical data},
  journal        = JGR,
  volume         = {88},
  number         = {},
  pages          = {4569-4577},
  month          = {},
  year           = 1983
}
@Article{hansen1970,
  author         = {Hansen, D. V.},
  title          = {Gulf Stream meanders between Cape Hatteras and the Grand Banks},
  journal        = DSR,
  volume         = {17},
  number         = {3},
  pages          = {495-511},
  month          = {},
  year           = 1970
}

@Article{campos_etal2000,
  author         = {Campos, E. D. J. and Velhote, D. and Silveira, I. C. A.},
  title          = {Shelf break upwelling driven by Brazil Current cyclonic meanders},
  journal        = GRL,
  volume         = {27},
  number         = {6},
  pages          = {751-754},
  month          = {},
  year           = 2000
}

@Article{flierl_davis1993,
  author         = {Flierl, G. R. and Davis, C. S.},
  title          = {Biological effects of Gulf Stream meandering},
  journal        = JMR,
  volume         = {51},
  number         = {3},
  pages          = {529-560},
  month          = {},
  year           = 1993
}

@Article{thompson_flierl1993,
  author         = {Thompson, L. and Flierl, G. R.},
  title          = {Barotropic flow over finite isolated topography: steady solutions on the beta-plane and the initial value problem},
  journal        = JFM,
  volume         = {250},
  number         = {},
  pages          = {553-586},
  month          = {},
  year           = 1993
}

@Article{yano_flierl1992,
  author         = {Jun-Ichi Yano and Glenn R. Flierl},
  title          = {Isolated potential vorticity patches in quasi-geostrophic zonal shear flows},
  journal        = DAO,
  volume         = {16},
  number         = {6},
  pages          = {439-472},
  month          = {},
  year           = 1992
}

@Article{yasuda_flierl1997,
  author         = {Yasuda, I. and Flierl, G. R.},
  title          = {Two-dimensional asymmetric vortex merger: merger dynamics and critical merger distance},
  journal        = DAO,
  volume         = {26},
  number         = {3},
  pages          = {159-181},
  month          = {},
  year           = 1997
}

@Article{hooker_brown1996,
  author         = {Hooker, S. B. and Brown, J. W.},
  title          = {Dipole rings and vortex interactions of the Brazil current},
  journal        = ITGR,
  volume         = {34},
  number         = {6},
  pages          = {1323-1330},
  month          = {},
  year           = 1996
}

@Article{werner_etal2000,
  author         = {Werner, T. B. and Pinto, L. P. and Dutra, G. F. and Pereira, P. G. D.},
  title          = {Abrolhos 2000: Conserving the southern Atlantic's richest coastal biodiversity into the next century},
  journal        = {Coast. Manage.},
  volume         = {28},
  number         = {1},
  pages          = {99-108},
  month          = {},
  year           = 2000
}

@Article{gaeta_etal1999,
  author         = {Gaeta, S. A. and Lorenzzetti, J. A. and Miranda, L. B. and Susini-Ribeiro, S. and Pompeu, M.},
  title          = {The Vitória Eddy and its relation to the phytoplankton biomass and primary productivity during tha austral 1995},
  journal        = {Arch. Fish.Mar. Res.},
  volume         = {47},
  number         = {},
  pages          = {253-270},
  month          = {},
  year           = 1999
}

@Article{castro_miranda1998,
  author         = {Castro, B. M. and Miranda, L. B.},
  title          = {Physical oceanography of the western atlantic continental shelf located between 4$^\circ$N and 34$^\circ$S},
  journal        = ThS,
  volume         = {11},
  number         = {},
  pages          = {209-251},
  month          = {},
  year           = 1998
}

@Article{viera_grimshaw1994,
  author         = {Viera, F. and Grimshaw, R.},
  title          = {Topography forcing of coastal mesoscale phenomena - filamentation, vortex formation, and eddy detachment},
  journal        = JPO,
  volume         = {24},
  number         = {7},
  pages          = {1433-1448},
  month          = {},
  year           = 1994
}

@Article{thompson1993,
  author         = {Thompson, L.},
  title          = {Two-layer qusi-geostrophic flow over finite isolated topography},
  journal        = JPO,
  volume         = {23},
  number         = {7},
  pages          = {1297-1314},
  month          = {},
  year           = 1993
}

@Article{flierl1999,
  author         = {Flierl, G. R.},
  title          = {Thin jet and contour dynamics models of Gulf Stream meandering},
  journal        = DAO,
  volume         = {29},
  number         = {2-4},
  pages          = {189-215},
  month          = {},
  year           = 1999
}

@Article{meacham1991,
  author         = {Meacham, S. P.},
  title          = {Meander evolution on piecewise-uniform, quasi-geostrophic jets},
  journal        = JPO,
  volume         = {21},
  number         = {8},
  pages          = {1139-1170},
  month          = {},
  year           = 1991
}

@Article{pratt_etal1991,
  author         = {Pratt, L. J. and Earles, J. and Cornillon, P. and Cayula, J. F.},
  title          = {The nolinear behavior of varicose disturbances in a simple-model of the Gulf Stream},
  journal        = DSR,
  volume         = {38},
  number         = {},
  pages          = {S591-S622},
  month          = {},
  year           = 1991
}

@Article{polvani_etal1989,
  author         = {Polvani, L. M. and Zabusky, N. J and Flierl, G. R.},
  title          = {Two-layer geostrophic vortex dynamics .1. Upper-layer v-states and merger},
  journal        = JFM,
  volume         = {205},
  number         = {},
  pages          = {215-242},
  month          = {},
  year           = 1989
}

@Article{polvani1991,
  author         = {Polvani, L. M.},
  title          = {Two-layer geostrophic vortex dynamics .2. Alignment and two-layer v-sates},
  journal        = JFM,
  volume         = {225},
  number         = {},
  pages          = {241-270},
  month          = {},
  year           = 1991
}

@Article{pratt_stern1986,
  author         = {Pratt, L. J. and Stern, M. E.},
  title          = {Dynamics of potential vorticity fronts and eddy detachment},
  journal        = JPO,
  volume         = {16},
  number         = {6},
  pages          = {1101-1120},
  month          = {},
  year           = 1986
}

@Article{stern1985,
  author         = {Stern, M. E.},
  title          = {Lateral wave breaking and shingle formation in large-scale shear-flow},
  journal        = JPO,
  volume         = {15},
  number         = {10},
  pages          = {1274-1283},
  month          = {},
  year           = 1985
}

@Article{pullin1992,
  author         = {Pullin, D. I.},
  title          = {Contour Dynamics method},
  journal        = ARFM,
  volume         = {24},
  number         = {},
  pages          = {89-115},
  month          = {},
  year           = 1992
}

@Article{schmid_etal1995,
  author         = {Schmid, C. H. and Schafer, H. and Podesta, G. and Zenk, W.},
  title          = {The Vitória Eddy and its relation to the Brazil Current},
  journal        = JPO,
  volume         = {25},
  number         = {11},
  pages          = {2532-2546},
  month          = {},
  year           = 1995
}

@Article{johns1988,
  author         = {Johns, W. E.},
  title          = {One-dimensional baroclinically unstable waves on the Gulf Stream potencial vorticity gradient near Cape Hatteras},
  journal        = DAO,
  volume         = {11},
  number         = {3-4},
  pages          = {323-350},
  month          = {},
  year           = 1988
}

@Article{wust1936,
  author         = {W\"ust, G.},
  title          = {Schichtung und Zirukation des Atlantischen Ozeans: Das Bodenwasser und die gliederung der Atlantischen Tiefsee},
  journal        = {Wissenschaftliche Ergebnisse der Deutschen Atlantischen Expedition ``Meteor'' 1925-1927},
  volume         = {VI},
  number         = {1},
  pages          = {3-107},
  month          = {},
  year           = 1936
}

@Article{tsuchiya1985,
  author         = {Tsuchiya, M.},
  title          = {Evidence of a double-cell subtropical gyre in the South Atlantic Ocean},
  journal        = JMR,
  volume         = {43},
  number         = {1},
  pages          = {57-65},
  month          = {},
  year           = 1985
}

@Article{tsuchiya_etal1994,
  author         = {Tsuchiya, M. and Talley, L. D. and McCartney, M. S.},
  title          = {Circulation of the Antarctic Intermediate Water in the North Atlantic},
  journal        = JMR,
  volume         = {47},
  number         = {},
  pages          = {747-755},
  month          = {},
  year           = 1994
}

@Article{tomczak1981,
  author         = {Tomczak, M.},
  title          = {A multiparameter extension of temperatura/salinity diagram techniques for the analysis of non-isopycnal mixing.},
  journal        = POc,
  volume         = {10},
  number         = {3},
  pages          = {147-171},
  month          = {},
  year           = 1981
}

@Article{sprintall_tomczak1993,
  author         = {Sprintall, J. and Tomczak, M.},
  title          = {On the formation of Central Water and thermocline ventilation in the southern hemisphere},
  journal        = DSR,
  volume         = {40},
  number         = {4},
  pages          = {827-848},
  month          = {},
  year           = 1993
}

@Unpublished{silveira_etal2006A,
  author         = {Silveira, I. C. A. and Lima, J. A. and Schmidt, A. C. K. and Ceccopieri, W. and Sartori, A. and Fontes, R. F. C.},
  title          = {Is the meander growth in the Brazil Current system due to baroclinic stability?},
  journal        = DAO,
  note           = {[submetido]},
  year           = 2006
}


@Article{silveira_etal1999,
  author         = {Silveira, I. C. A. and Flierl, G. R. and Brown, W. S.},
  title          = {Dynamics of separating western boundary currents},
  journal        = JPO,
  volume         = {29},
  number         = {2},
  pages          = {119-144},
  month          = {},
  year           = 1999
}

@Article{silveira_flierl2002,
  author         = {Silveira, I. C. A. and Flierl, G. R.},
  title          = {Eddy formation in 2-\nicefrac{1}{2} layer, quasigeostrophic jets},
  journal        = JPO,
  volume         = {32},
  number         = {3},
  pages          = {729-745},
  month          = {},
  year           = 2002
}

@Article{silveira_etal1994,
  author         = {Silveira, I. C. A. and Miranda, L. B. and Brown, W. S.},
  title          = {On the origins of the North Brazil Current},
  journal        = JGR,
  volume         = {99},
  number         = {C11},
  pages          = {22501-22512},
  month          = {},
  year           = 1994
}

@Article{silveira_etal2004,
  author         = {Silveira, I. C. A. and Calado, L. and Castro, B. M. and Cirano, M. and Lima, J. A. M. and Mascarenhas, A. S.},
  title          = {On the baroclinic structure of the Brazil Current-Intermediate Western Boundary Current System},
  journal        = GRL,
  volume         = {31},
  number         = {14},
  pages          = {L14308},
  month          = {},
  year           = 2004
}

@Article{signorini1978,
  author         = {Signorini, S. R.},
  title          = {On the circulation and the volume transport of the Brazil Current between the Cape of São Tomé and Guanabara Bay},
  journal        = DSR,
  volume         = {25},
  number         = {5},
  pages          = {481-490},
  month          = {},
  year           = 1978
}

@Article{sandstrom_helland1903,
  author         = {Sandstr\"om, J. W. and Helland-Hansen, B.},
  title          = {\"Ubber die Berechnung von Meerestr\"omungen},
  journal        = {Rept. Norwegian Fishery and Marine Investigations},
  volume         = {2},
  number         = {4},
  pages          = {72-233},
  month          = {},
  year           = 1903
}

@Article{reid1989,
  author         = {Reid, J. L.},
  title          = {On the total geostrophic circulation of the South Atlantic Ocean: flow patterns, tracers and transports},
  journal        = POc,
  volume         = {23},
  number         = {3},
  pages          = {149-244},
  month          = {},
  year           = 1989
}

@Article{mascarenhas_etal1971,
  author         = {Mascarenhas, A. S. and Miranda, L. B. and Rock, N. J.},
  title          = {A study of oceanographic conditions in the region of Cabo Frio},
  journal        = {Costlow J. D.},
  volume         = {1},
  number         = {},
  pages          = {285:308},
  month          = {},
  year           = 1971
}

@Article{houry_etal1987,
  author         = {Houry, S. and Dombrowsky, E. and De Mey, P. and Minster, J.-F.},
  title          = {Brunt-V\"ais\"al\"a frequency and rossby radii in the South Atlantic},
  journal        = JPO,
  volume         = {17},
  number         = {10},
  pages          = {1619-1626},
  month          = {},
  year           = 1987
}

@Article{emery_meincke1986,
  author         = {Emery, W. J. and Meincke, J.},
  title          = {Global water masses: summary and review},
  journal        = OAc,
  volume         = {9},
  number         = {4},
  pages          = {383-391},
  month          = {},
  year           = 1986
}

@Article{denman_freeland1985,
  author         = {Denman, K. L. and Freeland, H. J.},
  title          = {Correlation scales, objective mapping and a statistical test of geostrophy over the continental shelf},
  journal        = JMR,
  volume         = {43},
  number         = {3},
  pages          = {517-539},
  month          = {},
  year           = 1985
}

@Article{defant1936,
  author         = {Defant, A.},
  title          = {Schichtung und Zirkulation des Atlantischen Ozeans: Die Troposph\"are},
  journal        = {Wissenschaftliche Ergebnisse der Deutschen Atlantischen Expedition ``Meteor'' 1925-1927},
  volume         = {VI},
  number         = {1},
  pages          = {289-411},
  month          = {},
  year           = 1936
}

@Article{boebel_etal1997,
  author         = {B\"oebel, O. and Schmid, C. and Zenk, W.},
  title          = {Flow and recirculation of Antartic Intermediate Water across the Rio Grande Rise},
  journal        = JGR,
  volume         = {102},
  number         = {C9},
  pages          = {20967-20986},
  month          = {},
  year           = 1997
}

@Article{boebel_etal1999,
  author         = {B\"oebel, O. and Davis, R. E. and Ollitraut, M. and Peterson, R. G. and Richard, P. L. and Schmid, C. and Zenk, W.},
  title          = {The intermediate depth circulation of the Western South Atlantic},
  journal        = GRL,
  volume         = {26},
  number         = {21},
  pages          = {3329-3332},
  month          = {},
  year           = 1999
}

@Article{tomczak1999,
  author         = {Tomczak, M.},
  title          = {Some historical, theoretical and applied aspects of quantitative water mass analysis},
  journal        = JMR,
  volume         = {57},
  number         = {2},
  pages          = {275-303},
  month          = {},
  year           = 1999
}

@Article{stramma_england1999,
  author         = {Stramma, L. and England, M.},
  title          = {On the water masses and mean circulation of the South Atlantic Ocean},
  journal        = JGR,
  volume         = {104},
  number         = {C9},
  pages          = {20863-20883},
  month          = {},
  year           = 1999
}

@Article{stramma_peterson1990,
  author         = {Stramma, L. and Peterson, R. G..},
  title          = {The South Atlantic Current},
  journal        = JPO,
  volume         = {20},
  number         = {},
  pages          = {846-859},
  month          = {},
  year           = 1990
}


@Article{stramma_etal1990,
  author         = {Stramma, L. and Ikeda, Y. and Peterson, R. G.},
  title          = {Geostrophic transport in the Brazil Current north of 20$^\circ$S},
  journal        = DSR,
  volume         = {37},
  number         = {12},
  pages          = {1875-1886},
  month          = {},
  year           = 1990
}

@Article{shtokman1943,
  author         = {Shtokman, V. B.},
  title          = {Geometrical proprieties of $\theta$−S curves in the mixing of three water masses in a infinite sea},
  journal        = {Problems of Artic},
  volume         = {1},
  number         = {},
  pages          = {32-71},
  month          = {},
  year           = 1943
}

@Article{campos_etal1995,
  author         = {Campos, E. J. D. and Gonçalves, J. E. and Ikeda, Y.},
  title          = {Water mass structure and geostrophic circulation in the South Brazil Bight - summer of 1991},
  journal        = JGR,
  volume         = {100},
  number         = {C9},
  pages          = {18537-18550},
  month          = {},
  year           = 1995
}

@Article{silveira_etal2000B,
  author         = {Silveira, I. C. A. and Brown, W. S. and Flierl, G. R.},
  title          = {Dynamics of the North Brazil Current retroflection from the WESTRAX observations},
  journal        = JGR,
  volume         = {105},
  number         = {C12},
  pages          = {28559-28583},
  month          = {},
  year           = 2000
}

@Article{silveira_etal2000A,
  author         = {Silveira, I. C. A. and Schmidt, A. C. K. and Campos, E. J. D. and Godoi, S. S. and Ikeda, Y.},
  title          = {A Corrente do Brasil ao largo da costa leste brasileira},
  journal        = RBO,
  volume         = {48},
  number         = {2},
  pages          = {171-183},
  month          = {},
  year           = 2000
}

@Article{rhines_schopp1991,
  author         = {Rhines, P. B. and Schopp, R.},
  title          = {The wind-driven circulation: quasi-geostrophic simulations and theory of nonsymmetric winds},
  journal        = JPO,
  volume         = {21},
  number         = {9},
  pages          = {1438-1469},
  month          = {},
  year           = 1991
}

@Article{reid_mantyla1976,
  author         = {Reid, J. L. and Mantyla, A. W.},
  title          = {Effect of the geostrophic flow upon coastal sea elevations in the Northern North Pacific Ocean},
  journal        = JGR,
  volume         = {81},
  number         = {C18},
  pages          = {3100-3110},
  month          = {},
  year           = 1976
}


@Article{reid_etal1977,
  author         = {Reid, J. L. and Nowlin, W. D. and Patzert, W. P.},
  title          = {On the characteristics and circulation of the southwestern Atlantic Ocean},
  journal        = JPO,
  volume         = {7},
  number         = {},
  pages          = {62-91},
  month          = {},
  year           = 1977
}


@Article{poole_tomczak1999,
  author         = {Poole, R. and Tomczak, M.},
  title          = {Optimum multiparameter analysis of the water mass structure in the Atlantic Ocean thermocline},
  journal        = DSR,
  volume         = {46},
  number         = {11},
  pages          = {1895-1921},
  month          = {},
  year           = 1999
}

@Article{phillips1954,
  author         = {Phillips, N. A.},
  title          = {Energy transformations and meridional circulations associated with simple barolcinic waves in a two-layer, quasi-geostrophic model},
  journal        = TEL,
  volume         = {6},
  number         = {1},
  pages          = {273-286},
  month          = {},
  year           = 1954
}

@Article{montgomery1941,
  author         = {Montgomery, R. B.},
  title          = {Transport of the Florida Current off Habana},
  journal        = JMR,
  volume         = {4},
  number         = {3},
  pages          = {198-219},
  month          = {},
  year           = 1941
}

@Article{memery_etal2000,
  author         = {Mémery, L. and Arhan, M. and Alvarez-Salgado, X. A. and Messias, M.-J. and Mercier, H. and Castro, C. G. and Rios, A. F.},
  title          = {The water masses along the western boundary of the south and equatorial Atlantic},
  journal        = POc,
  volume         = {47},
  number         = {1},
  pages          = {69-98},
  month          = {},
  year           = 2000
}

@Article{groen1948,
  author         = {Groen, P.},
  title          = {Methods for estimating dynamics slopes and currents in shallow water},
  journal        = JMR,
  volume         = {7},
  number         = {3},
  pages          = {313-316},
  month          = {},
  year           = 1948
}

@Article{flierl1978,
  author         = {Flierl, G. R.},
  title          = {Models of vertical structure and the calibration of two-layer models},
  journal        = DAO,
  volume         = {2},
  number         = {4},
  pages          = {341-381},
  month          = {},
  year           = 1978
}

@Article{boyer_etal2005,
  author         = {Boyer, T. and Levitus, S. and Garcia, H. and Locarnini, R. A. and Stephens, C. and Antonov, J.},
  title          = {Objective analyses of annual, seasonal, and monthly temperature and salinity for the world ocean on a 0.25 degrees grid},
  journal        = IJC,
  volume         = {25},
  number         = {7},
  pages          = {931-945},
  month          = {JUN},
  year           = 2005
}

@Article{miranda1985,
  author         = {Miranda, L. B.},
  title          = {Forma da correlação T-S de massas de água das regiões costeira e oceânica entre o Cabe de São Tomé (RJ) e a Ilha de São Sebastião (SP)},
  journal        = BIO,
  volume         = {33},
  number         = {2},
  pages          = {105-119},
  month          = {},
  year           = 1985
}

@Article{bretherton_etal1976,
  author         = {Bretherton, F. P. and Russ, E. D. and Fandry, C. B. A.},
  title          = {Technic for Objetive Analysis and design of oceanographic experiments applied to MODE-73},
  journal        = DSR,
  volume         = {23},
  number         = {7},
  pages          = {559-582},
  month          = {},
  year           = 1976
}

@Article{schmitz1995,
  author         = {Schmitz, W. J.},
  title          = {On the interbasin-scale thermohaline circulation},
  journal        = RG,
  volume         = {33},
  number         = {2},
  pages          = {151-173},
  month          = {},
  year           = 1995
}

@Article{carter_robinson1987,
  author         = {Carter, E. F. and Robinson, A. R.},
  title          = {Analysis models for the estimation of oceanic fields},
  journal        = JAOT,
  volume         = {4},
  number         = {1},
  pages          = {49-74},
  month          = {},
  year           = 1987
}

@phdthesis{calado2006,
  author         = {Calado, L.},
  title          = {Dinâmica da Interação da atividade de meso-escala da Corrente do Brasil com o fenômeno de ressurgência costeira ao largo de Cabo Frio e Cabo de São Tomé, RJ},
  school         = {Universidade de São Paulo},
  address        = {São Paulo},
  pages          = {159},
  year           = 2006
}

@Book{silveira2006,
  author         = {Silveira, I. C. A.},
  title          = {O Sistema Corrente do Brasil na Bacia de Campos, RJ},
  publisher      = {Tese de Livre Docência},
  address        = {Universidade de São Paulo. São Paulo},
  pages          = {160},
  year           = 2006
}

@phdthesis{lima1997,
  author         = {Lima, J. A. M.},
  title          = {Oceanic circulation on the Brazil Current shelf break and slope at 22$^\circ$S},
  school         = {University of New South Wales},
  address        = {New South Wales},
  pages          = {144},
  year           = 1997
}

@phdthesis{castro1985,
  author         = {Castro, B, M.},
  title          = {Subtidal response to wind forcing in the south Brazil bight during winter},
  school         = {University of Miami},
  address        = {Florida},
  pages          = {211},
  year           = 1985
}

@phdthesis{sartori2004,
  author         = {Sartori-Neto, A.},
  title          = {Análise de imagens termais AVHRR utilizando transformada de Fourier e ondaletas para determinação de padrões em vórtices e meandros},
  school         = {Universidade Federal de Viçosa},
  address        = {Viçosa},
  pages          = {212},
  year           = 2004
}

@phdthesis{lima2003,
  author         = {Lima, A. F.},
  title          = {Comparação dos Sistemas Sedimentares Profundos da Bacia Sudeste-Sul do Brazil com Ênfase no Sistema Misto Colúmbia},
  school         = {Universidade de São Paulo},
  address        = {São Paulo},
  pages          = {252},
  year           = 2003
}
@phdthesis{godoi2005,
  author         = {Godoi, S. S.},
  title          = {Dinâmica quase-geostrófica do sistema Corrente do Brasil no embaiamento de São Paulo (23,5$^\circ$-27$^\circ$S)},
  school         = {Universidade de São Paulo},
  address        = {São Paulo},
  pages          = {133},
  year           = 2005
}

@phdthesis{garfield1990,
  author         = {Garfield, N.},
  title          = {The Brazil Current at subtropical latitudes},
  school         = {University of Rhode Island},
  address        = {Rhode Island},
  pages          = {121},
  year           = 1990
}

@phdthesis{zemba1991,
  author         = {Zemba, J. C.},
  title          = {The structure and transport of the Brazil Current between 27$^\circ$ and 36$^\circ$ South},
  school         = {Massachusetts Institute of Technology and Woods Hole Oceanographic Institution},
  address        = {Massachusetts},
  pages          = {160},
  year           = 1991
}

@phdthesis{goncalves2000,
  author         = {Gonçalves, J. E.},
  title          = {Características e circulação de massas de água no limite oeste do Atlântico Sul entre 20$^\circ$ e 30$^\circ$S},
  school         = {Universidade de São Paulo},
  address        = {São Paulo},
  pages          = {133},
  year           = 2000
}


@phdthesis{kampel2003,
  author         = {Kampel, M.},
  title          = {Estimativa da produção primária e biomassa fitoplanctônica através do sensoriamento remoto da cor do oceano e de dados in situ na costa sudeste brasileiro},
  school         = {Universidade de São Paulo},
  address        = {São Paulo},
  pages          = {286},
  year           = 2003
}

@phdthesis{silva1995,
  author         = {Silva, M. P.},
  title          = {Caracterização físico-química das massas de água da Bacia de Santos durante o projeto COROAS. Verão e Inverno de 1993},
  school         = {Universidade de São Paulo},
  address        = {São Paulo},
  pages          = {135},
  year           = 1995
}

@phdthesis{wang1992,
  author         = {Wang, X.},
  title          = {Interaction of an eddy with a continental slope},
  school         = {Massachusetts Institute of Technology and Woods Hole Oceanographic Institution},
  address        = {Massachusetts},
  pages          = {216},
  year           = 1992
}

@phdthesis{schmidt2004,
  author         = {Schmidt, A. C. K.},
  title          = {Interação margem continental, vórtices e jatos geofísicos},
  school         = {Universidade de São Paulo},
  address        = {São Paulo},
  pages          = {201},
  year           = 2004
}

@Manual{fofonoff_millard1983,
  author         = {Fofonoff, P. and Millard, R. C. Jr.},
  title          = {Algorithms for computation of fundamental properties of seawater},
  organization   = {UNESCO Tech. Pap. in Mar. Sci.},
  pages          = {53},
  year           = 1983
}

@Anais{godoi_etal2000,
  author         = {Godoi, S. S. and Francisco, C. P. F. and Silveira, I. C. A. and Campos, E. J. D.},
  title          = {Estrutura vertical da Corrente do Brasil na Bacia de Santos - Condições de inverno},
  journal        = {Anais da XIII Semana Nacional de Oceanografia},
  school         = {Universidade do Vale do Itajaí},
  address        = {Itajaí},
  pages          = {369-371},
  year           = 2000
}

@Anais{silveira_etal2005,
  author         = {Silveira, I. C. A. and Ribeiro, E. O. and Lima, J. M. L. and Mattos, R. A. and Soutelino, R. G. and Leal, C. A.},
  title          = {Caracterização oceanográfica da Bacia do Espírito Santo e da Região de Abrolhos},
  journal        = {Anais do II Congresso Brasileiro de Oceanografia},
  school         = {Universidade Federal do Espírito Santos},
  address        = {Vitória},
  pages          = {1-3},
  year           = 2005
}

@Anais{ceccopieri_etal2006,
  author         = {Ceccopieri, W. and  Silveira, I. C. A. and Schmidt, A. C. K. and Lima, J. M. L. and Fontes, R. C.},
  title          = {Mesoscale Variability of the Brazil Current-Intermediate Western Boundary Current System at 22$^\circ$ S},
  journal        = {Ocean Sciences Meeting 2006},
  school         = {AGU/ASLO/IAPSO/TOS},
  address        = {Honolulu},
  pages          = {OS45N-12},
  year           = 2006
}

@Anais{silveira_etal2006B,
  author         = {Silveira, I. C. A. and Oliveira, E. R. and Mattos, R. A. and Fernandes, F. P. A. and Lima, J. A. M.},
  title          = {Mesoscale Patterns of the Brazil Current between 20$^\circ$S and 25.5$^\circ$S},
  journal        = {Ocean Sciences Meeting 2006},
  school         = {AGU/ASLO/IAPSO/TOS},
  address        = {Honolulu},
  pages          = {OS45N-12},
  year           = 2006
}

@Anais{schmidt_etal2006,
  author         = {Schmidt, A. C. K. and  Silveira, I. C. A.  and Ceccopieri, W. and Sartori-Neto, A. and Lima, J. M. L.},
  title          = {Thermal Front Patterns of the Brazil Current between 20.5$^\circ$ and 25.5$^\circ$ S},
  journal        = {Ocean Sciences Meeting 2006},
  school         = {AGU/ASLO/IAPSO/TOS},
  address        = {Honolulu},
  pages          = {OS25O-13},
  year           = 2006
}

@Workshop{soutelino_etal2007,
  author         = {Soutelino, R. G. and  Ponsoni, L. and Miranda, J. A. and Nonnato, L. V.  and Silveira, I. C. A.},
  title          = {Cruzeiro PRO-ABROLHOS Hidrografia I2007: Distribuições horizontais de velocidade observada},
  journal        = {I Workshop do Projeto PRO-ABROLHOS},
  school         = {},
  address        = {Barueri - SP},
  pages          = {A0},
  year           = 2007
}

@Workshop{mattos_etal2003,
  author         = {Mattos, R. A. and Calado, L. and Silveira, I. C.A.},
  title          = {Estrutura vertical do Sistema Corrente do Brasil ao largo de Cabo Frio (23$^\circ$S)},
  journal        = {11$^\circ$ Simpósio Internacional de Iniciação Científica da Universidade de São Paulo},
  school         = {Universidade de São Paulo},
  address        = {São Carlos},
  year           = 2003
}

@Workshop{godoi_etal2004,
  author         = {Godoi, S. S. and Calado, L. and Silveira, I. C. A. and Miranda, L. B.},
  title          = {O nível de inversão da Corrente do Brasil: uma nova abordagem},
  journal        = {II Simpósio Brasileiro de Oceanografia},
  school         = {Universidade de São Paulo},
  address        = {São Paulo},
  year           = 2000
}

@Workshop{ciotti_etal2003,
  author         = {Ciotti, A. M. and Calado, L. and Mattos, R. A. and Gaeta, S. A. abd Silveira, I. C. A.},
  title          = {Eddy activity off Southeast Brazilian coast and its relation to phytoplankton abundance},
  journal        = {Workshop on Realtime Observing for Ecosystem Dynamics and Harmful Algal Blooms},
  school         = {},
  address        = {Niece},
  year           = 2003
}

@Workshop{vianna_etal2005,
  author         = {Vianna, M. L. and Chambers, D. and Menezes, V. V.},
  title          = {Mean dynamic topography based on the GRACE GGM02 Model and Altimeter MSS: Can we capture subgyre structures by use of adaptive filters?},
  journal        = {2005 Joint Assembly},
  school         = {Convention Center Boulevard},
  address        = {New Orleans},
  year           = 2005
}
    
@Book{levitus1982,
  author         = {Levitus, S.},
  title          = {Climatological atlas of the World Ocean},
  publisher      = {NOAA/ERL GFDL Professional Paper 13},
  edition        = {},
  address        = {New Jersey},
  pages          = {173},
  year           = 1982
}

@Book{preisendorfer1998,
  author         = {Preisendorfer, R. W. },
  title          = {Principal component analysis in Meteorology and Oceanography},
  publisher      = {Elsevier},
  edition        = {},
  address        = {Amsterdam},
  pages          = {126},
  year           = 1988
}

@Book{mamayev1975,
  author         = {Mamayev, O. I.},
  title          = {Temperature-salinity analysis of world ocean waters},
  publisher      = ESP,
  edition        = {},
  address        = {Amsterdam},
  pages          = {374},
  year           = 1975
}

@Book{pond_pickard1991,
  author         = {Pond, S. and Pickard, G. L.},
  title          = {Introductory dynamical oceanography},
  publisher      = BH,
  edition        = {},
  address        = {Oxford},
  pages          = {349},
  year           = 1983
}

@Book{sverdrup_etal1942,
  author         = {Sverdrup, H. U. and Johnson, M. W. and Fleming, R. H.},
  title          = {The Oceans, their physics, chemistry, and general biology},
  publisher      = PHI,
  edition        = {},
  address        = {New Jersey},
  pages          = {1087},
  year           = 1942
}

@Book{cushman1994,
  author         = {Cushman-Roisin, B.},
  title          = {Introduction to geophysical fluid dynamics},
  publisher      = PHI,
  edition        = {},
  address        = {New Jersey},
  pages          = {320},
  year           = 1994
}

@Book{kundu1990,
  author         = {Kundu, P. K.},
  title          = {Fluid Mechanics},
  publisher      = ACP,
  edition        = {},
  address        = {California},
  pages          = {638},
  year           = 1990
}

@Book{pedlosky1987,
  author         = {Pedlosky, J.},
  title          = {Geophysical fluid dynamics},
  publisher      = SV,
  edition        = {},
  address        = {New York},
  pages          = {728},
  year           = 1987
}

@Book{emery_thomson1998,
  author         = {Emery, W. J. and Thomson, R. E.},
  title          = {Data analysis methods in physical oceanography},
  publisher      = Perg,
  edition        = {},
  address        = {Great Britain},
  pages          = {634},
  year           = 1998
}

@Book{tomczak_godfrey1994,
  author         = {Tomczak, M. and Godfrey, J. S.},
  title          = {Regional oceanography: an introduction},
  publisher      = Perg,
  edition        = {},
  address        = {Great Britain},
  pages          = {422},
  year           = 1994
}

@Book{soutelino2005,
  author         = {Soutelino, R. G.},
  title          = {Caracterização da estrutura baroclínica do sistema de correntes de contorno oeste ao largo da costa leste brasileira},
  publisher      = {Monografia de graduação},
  edition        = {},
  address        = {Universidade do Estado do Rio de Janeiro. Rio de Janeiro.},
  pages          = {50},
  year           = 2005
}

@Book{pereira2005,
  author         = {Pereira, D. P. C.},
  title          = {Caracterização da estrutura termohalina e de velocidades dos dipolos vorticais da Corrente do Brasil},
  publisher      = {Monografia de Graduação},
  edition        = {},
  address        = {Universidade do Estado do Rio de Janeiro. Rio de Janeiro.},
  pages          = {60},
  year           = 2005
}


@mastersthesis{mattos2006,
  author         = {Mattos, R. A.},
  title          = {Feições de meso e grande escalas da Corrente do
Brasil ao largo do sudeste brasileiro},
  school         = {Universidade de São Paulo},
  address        = {São Paulo},
  pages          = {126},
  year           = 2006
}

@mastersthesis{soares2007,
  author         = {Soares, S. M.},
  title          = {Ondas instáveis no sistema de correntes de contorno oeste ao largo de Abrolhos},
  school         = {Universidade de São Paulo},
  address        = {São Paulo},
  pages          = {81},
  year           = 2007
}

@mastersthesis{chen2002,
  author         = {Chen, F. S.},
  title          = {Diagnóstico das condições oceanográficas na Bacia de Santos com base nos resultados da Comissão Oceano Sudeste I do NOc. Antares},
  school         = {Universidade de São Paulo},
  address        = {São Paulo},
  pages          = {88},
  year           = 2002
}

@mastersthesis{calado2001,
  author         = {Calado, L.},
  title          = {Dinâmica da formação dos meandros e vórtices da Corrente do Brasil ao largo do sudeste brasileiro},
  school         = {Universidade de São Paulo},
  address        = {São Paulo},
  pages          = {95},
  year           = 2001
}

@mastersthesis{fernandes2001,
  author         = {Fernandes, A. M.},
  title          = {Dinâmica baroclínica da Corrente do Brasil na região sudeste},
  school         = {Universidade de São Paulo},
  address        = {São Paulo},
  pages          = {108},
  year           = 2001
}

@mastersthesis{goncalves1993,
  author         = {Gonçalves, J. E.},
  title          = {Estrutura termohalina, campos de velocidade e transportes geostróficos da Corrente do Brasil entre Rio de Janeiro (RJ) e Iguape (SP)},
  school         = {Universidade de São Paulo},
  address        = {São Paulo},
  pages          = {98},
  year           = 1993
}

@mastersthesis{velhote1998,
  author         = {Velhote, D.},
  title          = {Modelagem numérica da ressurgência da quebra de plataforma induzida por vórtices ciclônicos da Corrente do Brasil na Bacia de Santos},
  school         = {Universidade de São Paulo},
  address        = {São Paulo},
  pages          = {134},
  year           = 1998
}

@mastersthesis{freitas2003,
  author         = {Freitas, A. C. N.},
  title          = {A estrutura vertical do sistema de Correntes de Contorno Oeste ao sul da bifurcação de Santos},
  school         = {Fundação Universidade Federal do Rio Grande},
  address        = {Rio Grande do Sul},
  pages          = {124},
  year           = 2003
}

@mastersthesis{fisher1964,
  author         = {Fisher, A.},
  title          = {The circulation and stratification of the Brazil Current},
  school         = {New York University},
  address        = {New York},
  pages          = {86},
  year           = 1964
}

@incollection{leao_etal2003,
  author         = {Leão, Z. M. A. N. and Kikuchi, R. K. and Testa, V.},
  booktitle      = {Latin american coral reefs, J. Cortéz (editor)},
  title          = {Corals and coral reefs of Brazil},
  publisher      = {Elsevier Science CO.},
  edition        = {1$^a$},
  address        = {Amsterdam},
  pages          = {},
  year           = 2003
}

@incollection{richardson1983,
  author         = {Richardson, P. L.},
  booktitle      = {Eddies in marine science, A. R. Robinson (editor)},
  title          = {Gulf Stream rings},
  publisher      = {Springer-Verlag},
  edition        = {},
  address        = {Berlin Heidelberg},
  pages          = {19-45},
  year           = 1983
}

@incollection{watts1983,
  author         = {Watts, D. R.},
  booktitle      = {Eddies in marine science, A. R. Robinson (editor)},
  title          = {Gulf Stream variability},
  publisher      = {Springer-Verlag},
  edition        = {},
  address        = {Berlin Heidelberg},
  pages          = {114-144},
  year           = 1983
}

@incollection{watts1983,
  author         = {Watts, D. R.},
  booktitle      = {Eddies in marine science, A. R. Robinson (editor)},
  title          = {Gulf Stream variability},
  publisher      = {Springer-Verlag},
  edition        = {},
  address        = {Berlin Heidelberg},
  pages          = {114-144},
  year           = 1983
}

@incollection{siedler_etal1996,
  author         = {Siedler, G. and  M\"uller, T. J. and Onken, m. and Arhan, M and Mercier, H. and King, B. A. and Saunders, P. M.},
  booktitle      = {The South Atlantic Circulation: Present and Past Circulation, Wefer et al. (editors)},
  title          = {The zonal WOCE sections in the South Atlantic},
  publisher      = {Springer-Verlag},
  edition        = {},
  address        = {Berlin Heidelberg},
  pages          = {161-210},
  year           = 1996
}


@incollection{blumberg_mellor1987,
  author         = {Blumberg, A. F. and Mellor, G. L.},
  booktitle      = {Three-dimensional coastal ocean models, N. S. Heaps (editor)},
  title          = {A description of a three-dimensional coastal ocean circulation model},
  publisher      = {American Geophysical Union},
  edition        = {},
  address        = {Washington},
  pages          = {1-16},
  year           = 1987
}

@incollection{vianna_menezes2005,
  author         = {Vianna, M. L. and Menezes, V. V.},
  booktitle      = {Oceanografia por satélites, R. B. Souza (editor)},
  title          = {Circulação oceânica: monitoramento por meio de altimetria multi-satélite},
  publisher      = {Oficina de Textos},
  edition        = {},
  address        = {São Paulo},
  pages          = {50-60},
  year           = 2005
}


@incollection{zembruscki1979,
  author         = {Zembruscki, S.G.},
  booktitle      = {PROJETO REMAC: geomorfologia da margem continental brasileira e das áreas oceânicas adjacentes},
  title          = {Geomorfologia da margem continental sul brasileira e das bacias oceânicas adjacentes},
  publisher      = {PETROBRAS. CENPES. DINTEP (Série REMAC no. 7)},
  edition        = {},
  address        = {Rio de Janeiro},
  pages          = {129-177},
  year           = 1979
}

@incollection{mello_etal1992,
  author         = {Mello, G. A. and Flood, R. D. and Orsi, T. H. and Lowrie, A.},
  booktitle      = {Geologic evolution of Atlantic continental rises, C. W. Poag and P. C. Graciansky (editors)},
  title          = {Southern Brazil Basin: sedimentary processes and features and implications for continental-rise evolution},
  publisher      = {Van Nostrand Reinhold},
  edition        = {},
  address        = {New York},
  pages          = {189-213},
  year           = 1992
}



